@string{ACM  = "ACM Press"}
@string{IEEE = "IEEE Computer Society Press"}
@string{SV   = "Springer-Verlag"}
@string{AW   = "Addison-Wesley"}

%Series
@string{LNCS = "LNCS"}

%Journals
@string{JCS =  "J. Computer Security"}
@string{TCS =  "Theoretical Computer Science"}
@string{JACM = "J. ACM"}
@string{CACM = "Comm. of the ACM"}
@string{IC =   "Information and Computation"}
@string{TOPLAS = "ACM TOPLAS"}
@string{HOSC = "Higher Order and Symbolic Computation"}
@string{SCP = "Science of Computer Programming"}

%Conferenes
@string{ACSAC = "Proc. Annual Computer Security Applications Conference"}
@string{WWW = "Proc. International Conference on World Wide Web"}
@string{NDSS  = "Proc. Network and Distributed System Security Symposium"}
@string{SSP  = "Proc. IEEE Symp. on Security and Privacy"}
@string{SOSP = "Proc. ACM Symp. on Operating System Principles"}
@string{ESOP = "Proc. European Symp. on Programming"}
@string{FOSSACS = "Proc. Foundations of Software Science and Computation Structure"}
@string{TACAS = "Proc. International Conference on Tools and Algorithms for the Construction and Analysis of Systems"}
@string{POPL = "Proc. ACM Symp. on Principles of Programming Languages"}
@string{CSFW = "Proc. IEEE Computer Security Foundations Workshop"}
@string{CSF = "Proc. IEEE Computer Security Foundations Symposium"}
@string{ESORICS = "Proc. European Symp. on Research in Computer Security"}
@string{SAS = "Proc. Symp. on Static Analysis"}
@string{ICFP ="Proc. ACM International Conference on Functional Programming"}
@string{LICS ="Proc. IEEE Symp. on Logic in Computer Science"}
@string{ICALP ="Proc. International Colloquium on Automata, Languages and Programming"}
@string{CCS ="{ACM} Conference on Computer and Communications Security"}
@string{FCS ="Workshop on Foundations of Computer Security"}
@string{USENIXSEC ="Proc. USENIX Security Symposium"}
@string{PLDI="Proc. ACM SIGPLAN Conference on Programming language Design and Implementation"}
@string{ICICS="Proc. International Conference on Information and Communications Security"}

@string{proc = "Proc. "}
@string{n1 = "1st "}
@string{n2 = "2nd "}
@string{n3 = "3rd "}
@string{n4 = "4th "}
@string{n5 = "5th "}
@string{n6 = "6th "}
@string{n7 = "7th "}
@string{n8 = "8th "}
@string{n9 = "9th "}
@string{n10 = "10th "}
@string{n11 = "11th "}
@string{n12 = "12th "}
@string{n13 = "13th "}
@string{n14 = "14th "}
@string{n15 = "15th "}
@string{n16 = "16th "}
@string{n17 = "17th "}
@string{n18 = "18th "}
@string{n19 = "19th "}
@string{n20 = "20th "}
@string{n21 = "21st "}
@string{n22 = "22nd "}
@string{n23 = "23rd "}
@string{n24 = "24th "}
@string{n25 = "25th "}
@string{n26 = "26th "}
@string{n27 = "27th "}
@string{n28 = "28th "}
@string{n29 = "29th "}
@string{n30 = "30th "}
@string{n31 = "31st "}
@string{n32 = "32nd "}
@string{n33 = "33rd "}
@string{n34 = "34th "}
@string{n35 = "35th "}
@string{n36 = "36th "}
@string{n37 = "37th "}
@string{n38 = "38th "}
@string{n39 = "39th "}

@string{OSDINAME = "{USENIX} Symp. on Operating Systems Design and Implementation (OSDI)"}
@string{OSDI = proc # OSDINAME}
@string{OSDI06 = proc # n7 # OSDINAME}


@string{SOSP11 = proc # n11 # "{ACM} Symp. on Operating System Principles (SOSP)"}
@string{SOSP13 = proc # n13 # "{ACM} Symp. on Operating System Principles (SOSP)"}
@string{SOSP14 = proc # n14 # "{ACM} Symp. on Operating System Principles (SOSP)"}
@string{SOSP15 = proc # n15 # "{ACM} Symp. on Operating System Principles (SOSP)"}
@string{SOSP16 = proc # n16 # "{ACM} Symp. on Operating System Principles (SOSP)"}
@string{SOSP17 = proc # n17 # "{ACM} Symp. on Operating System Principles (SOSP)"}
@string{SOSP18 = proc # n18 # "{ACM} Symp. on Operating System Principles (SOSP)"}
@string{SOSP20 = proc # n20 # "{ACM} Symp. on Operating System Principles (SOSP)"}
@string{SOSP21 = proc # n21 # "{ACM} Symp. on Operating System Principles (SOSP)"}
@string{SOSP22 = proc # n22 # "{ACM} Symp. on Operating System Principles (SOSP)"}



@inproceedings{Abadi+:Core,
  author =	 "M. Abadi and A. Banerjee and N. Heintze and
                  J. Riecke",
  title =	 "A Core calculus of Dependency",
  booktitle =	 POPL,
  month =	 jan,
  year =	 1999,
  pages =	 "147--160"
}

@inproceedings{Abadi:Blanchet:FOSSACS01,
  author =	 "M. Abadi and B. Blanchet",
  title =	 "Secrecy types for asymmetric communication",
  booktitle =	 FOSSACS,
  pages =	 "25--41",
  year =	 2001,
  month =	 apr,
  series =	 LNCS,
  volume =	 2030,
  publisher =	 SV
}

@book{Abadi:Cardelli:Objects,
  author =	 "M. Abadi and L. Cardelli",
  title =	 "A Theory of Objects",
  series =	 "Monographs in Computer Science",
  publisher =	 SV,
  address =	 "New York",
  year =	 1996
}

@article{Abadi:Gordon:Spi,
  author =	 "M. Abadi and A. D. Gordon",
  title =	 "A Calculus for Cryptographic Protocols: The {Spi}
                  Calculus",
  journal =	 IC,
  year =	 1999,
  volume =	 148,
  number =	 1,
  month =	 jan,
  pages =	 "1--70"
}

@inproceedings{Abadi:Secrecy:Typing,
  author =	 "M. Abadi",
  title =	 "Secrecy by typing in security protocols",
  booktitle =	 "Proc. Theoretical Aspects of Computer Software",
  pages =	 "611--638",
  month =	 sep,
  year =	 1997
}

@article{Abadi:Secrecy:Typing:ACM,
  author =	 "M. Abadi",
  title =	 "Secrecy by typing in security protocols",
  journal =	 JACM,
  volume =	 46,
  number =	 5,
  month =	 sep,
  year =	 1999,
  pages =	 "749--786"
}

@incollection{Abramksy:McCusker:Game:Semantics,
  author =	 "S. Abramksy and G. McCusker",
  title =	 "Game Semantics",
  booktitle =	 "Logic and Computation: Proc. 1997 Marktoberdorf
                  Summer School",
  publisher =	 SV,
  year =	 1998,
  editor =	 "U. Berger and H. Schwichtenberg",
  series =	 "NATO Science Series"
}

@phdthesis{Agat:PhD,
  author =	 "J. Agat",
  title =	 "Type Based Techniques for Covert Channel Elimination
                  and Register Allocation",
  school =	 "Chalmers University of Technology and Gothenburg
                  University",
  address =	 "Gothenburg, Sweden",
  month =	 dec,
  year =	 2000
}

@inproceedings{Agat:Sands:SSP01,
  author =	 "J. Agat and D. Sands",
  title =	 "On confidentiality and algorithms",
  booktitle =	 SSP,
  year =	 2001,
  month =	 may,
  pages =	 "64--77"
}

@inproceedings{Agat:Timing,
  author =	 "J. Agat",
  title =	 "Transforming out timing leaks",
  booktitle =	 POPL,
  year =	 2000,
  month =	 jan,
  pages =	 "40--53",
}

@inproceedings{Aldini:CONCUR01,
  author =	 "A. Aldini",
  title =	 "Probabilistic Information Flow in a Process Algebra",
  booktitle =	 "Proc. CONCUR'01",
  pages =	 "152--168",
  year =	 2001,
  volume =	 2154,
  series =	 LNCS,
  month =	 aug,
  publisher =	 SV
}

@article{Andrews:Reitman:Axiomatic,
  title =	 "An axiomatic approach to information flow in
                  programs",
  author =	 "G. R. Andrews and R. P. Reitman",
  journal =	 TOPLAS,
  volume =	 2,
  number =	 1,
  month =	 jan,
  year =	 1980,
  pages =	 "56--75"
}

@book{Appel:Continuations:Book,
  author =	 "A. Appel",
  title =	 "Compiling with Continuations",
  publisher =	 "Cambridge University Press",
  year =	 1992
}

@InProceedings{Backes:Pfitzmann:Intransitive,
  author =       "M. Backes and B. Pfitzmann",
  title =        "Intransitive Non-Interference for Cryptographic
                 Purposes",
  pages =        "140--153",
  booktitle =    SSP,
  month =        may,
  OPTpublisher =    "IEEE Computer Society",
  OPTaddress =      "Los Alamitos, CA",
  year =         "2003"
}

@inproceedings{Banatre:Bryce:CSFW93,
  author =	 "J.-P. Ban\^atre and C. Bryce",
  title =	 "Information flow control in a parallel language
                  framework",
  booktitle =	 CSFW,
  year =	 1993,
  pages =	 "39--52",
  month =	 jun
}

@inproceedings{Banatre:Bryce:LeMetayer:Distributed95,
  author =	 "J.-P. Ban\^atre and C. Bryce and D. {Le M\'etayer}",
  booktitle =	 "Proc. {IEEE} International Workshop on Future Trends
                  in Distributed Computing Systems",
  pages =	 "384--394",
  title =	 "An approach to information security in distributed
                  systems",
  year =	 1995
}

@inproceedings{Banatre:Bryce:LeMetayer:ESORICS94,
  author =	 "J.-P. Ban\^atre and C. Bryce and D. {Le M\'etayer}",
  title =	 "Compile-time detection of information flow in
                  sequential programs",
  booktitle =	 ESORICS,
  series =	 LNCS,
  volume =	 875,
  pages =	 "55--73",
  year =	 1994,
  publisher =	 SV
}

@inproceedings{Banerjee:Naumann:CSFW02,
  author =	 "A. Banerjee and D. A. Naumann",
  title =	 "Secure information flow and pointer confinement in a
                  {J}ava-like language",
  booktitle =	 CSFW,
  pages =	 "253--267",
  year =	 2002,
  month =	 jun
}

@book{Barendregt:Lambda,
  author =	 "H. Barendregt",
  title =	 "The Lambda Calculus, Its Syntax and Semantics",
  publisher =	 "North-Holland",
  year =	 1984
}

@inproceedings{Barthe:Serpette:FLOPS99,
  Author =	 "G. Barthe and B. Serpette",
  Title =	 "Partial evaluation and non-interference for object
                  calculi",
  Booktitle =	 "Proc. FLOPS",
  Year =	 1999,
  Publisher =	 SV,
  series =	 LNCS,
  volume =	 1722,
  pages =	 "53--67",
  month =	 nov
}

@techreport{Bell:LaPadula,
  author =	 "D. E. Bell and L. J. LaPadula",
  title =	 "Secure Computer Systems: Mathematical Foundations",
  institution =	 "MITRE Corp.",
  address =	 "Bedford, MA",
  number =	 "MTR-2547, Vol. 1",
  year =	 1973
}

@article{Shannon1948,
author = "C. E. Shannon",
title = "A Mathematical Theory of Communication",
year = "1948",
journal = "Bell System Tech. J.",
volume="27",
pages = "623-656"
}


@inproceedings{Bellare:Namprempre:authenticity,
  author  = "M. Bellare and C. Namprempre",
  title   = "Authenticated Encryption: Relations among Notions and Analysis of the Generic Composition Paradigm",
  series  = "LNCS", 
  booktitle = "Advances in Cryptology - Asiacrypt 2000", 
  volume  = 1976, 
  month   = Jan,
  year    = 2000, 
  pages   = "531--545"
}

@inproceedings{Bellare:Desa:Pointcheval:Rogaway:relations98,
  author = "M. Bellare and A. Desa and D. Pointcheval and P. Rogaway",
  title  = "Relations among Notions of Security for Public-Key Encryption Schemes",
  booktitle = "Advances in Cryptology- Crypto 98",
  series = "LNCS",
  volume = 1462,
  month  = Jan,
  year   = 1998,
  pages  = "26--46"
}



@inproceedings{An:Bellare:redundancy,
  author = "J. An and M. Bellare",
  title  = "Does Encryption with Redundancy Provide Authenticity?",
  book   = "Advances in Cryptology - EUROCRYPT 2001: Second Symposium, PADO 2001, Aarhus, Denmark, May 21-23, 2001",
  series = LNCS,
  volume = 2045,
  month  = jan,
  year   = 2001,
  pages  = "512--528"
}

@article{Goldwasser:Micali:1984,
  author = "S. Goldwasser and S. Micali",
  title  = "Probabilistic encryption",
  journal = "Journal of Computer and System Sciences",
  volume = 28,
  pages  = "270--299",
  year   = 1984
}

@InProceedings{BCY95,
  author	= "W. R. Bevier and R. M. Cohen and W. D. Young",
  title		= "Connection Policies and Controlled Interference",
  booktitle	= CSFW,
  pages		= "167--176",
  month         = jun,
  year		= 1995
}

@inproceedings{Bodei+:FOSSACS99,
  author =	 "C. Bodei and P. Degano and F. Nielson and H. {Riis
                  Nielson}",
  title =	 "Static Analysis of Processes for No Read-Up and No
                  Write-Down",
  booktitle =	 FOSSACS,
  year =	 1999,
  month =	 apr,
  pages =	 "120--134",
  number =	 1578,
  series =	 LNCS,
  publisher =	 SV
}

@incollection{Bodei+:Flow:Logic,
  author =	 "C. Bodei and P. Degano and H. {Riis Nielson} and
                  F. Nielson",
  title =	 "Security Analysis using Flow Logics",
  pages =	 "525--542",
  booktitle =	 "Current Trends in Theoretical Computer Science",
  publisher =	 "World Scientific",
  year =	 2000,
  editor =	 "G. Paun and G. Rozenberg and A. Salomaa"
}

@article{Bodei+:IC01,
  author =	 "C. Bodei and P. Degano and F. Nielson and H. {Riis
                  Nielson}",
  title =	 "Static Analysis for the $\pi$-calculus with
                  Applications to Security",
  journal =	 IC,
  volume =	 168,
  pages =	 "68--92",
  year =	 2001,
}

@inproceedings{Bodei+:PACT01,
  author =	 "C. Bodei and P. Degano and H. {Riis Nielson} and
                  F. Nielson",
  title =	 "Static Analysis for Secrecy and Non-Interference in
                  Networks of Processes",
  booktitle =	 "Proc. PACT'01",
  year =	 2001,
  month =	 sep,
  pages =	 "27--41",
  volume =	 2127,
  series =	 LNCS,
  publisher =	 SV
}

@InProceedings{Boudol:Matos:On,
  author = 	 "A. {Almeida Matos} and G. Boudol",
  title = 	 "On Declassification and the Non-Disclosure Policy",
  booktitle = 	 CSFW,
  OPTcrossref =  {},
  OPTkey = 	 {},
  pages = 	 "226--240",
  year = 	 2005,
  OPTeditor = 	 {},
  OPTvolume = 	 {},
  OPTnumber = 	 {},
  OPTseries = 	 {},
  OPTaddress = 	 {},
  month = 	 jun,
  OPTorganization = {},
  OPTpublisher = {},
  OPTnote = 	 {},
  OPTannote = 	 {}
}

@InProceedings{Chong:Myers:CSFW05,
  author = "S. Chong and A. C. Myers",
  title = 	 "Language-Based Information Erasure",
  booktitle = 	 CSFW,
  OPTcrossref =  {},
  OPTkey = 	 {},
  pages = 	 "241--254",
  year = 	 2005,
  OPTeditor = 	 {},
  OPTvolume = 	 {},
  OPTnumber = 	 {},
  OPTseries = 	 {},
  OPTaddress = 	 {},
  month = 	 jun,
  OPTorganization = {},
  OPTpublisher = {},
  OPTnote = 	 {},
  OPTannote = 	 {}
}

@InProceedings{Clarkson:CSFW05,
  author = "M. R. Clarkson and A. C. Myers and F. B. Schneider",
  title = 	 "Belief in Information Flow",
  booktitle = 	 CSFW,
  OPTcrossref =  {},
  OPTkey = 	 {},
  pages = 	 "31--45",
  year = 	 2005,
  OPTeditor = 	 {},
  OPTvolume = 	 {},
  OPTnumber = 	 {},
  OPTseries = 	 {},
  OPTaddress = 	 {},
  month = 	 jun,
  OPTorganization = {},
  OPTpublisher = {},
  OPTnote = 	 {},
  OPTannote = 	 {}
}

@article{Capabilities,
  author =	 "J. B. Dennis and E. C. VanHorn",
  title =	 "Programming Semantics for Multiprogrammed
                  Computations",
  journal =	 CACM,
  volume =	 9,
  number =	 3,
  year =	 1966,
  month =	 mar,
  pages =	 "143--155"
}

@inproceedings{Cardelli:Gordon:Ambients,
  author =	 "L. Cardelli and A. D. Gordon",
  title =	 "Mobile Ambients",
  booktitle =	 FOSSACS,
  pages =	 "140--155",
  year =	 1998,
  month =	 apr,
  series =	 LNCS,
  volume =	 1378,
  publisher =	 SV
}

@inproceedings{Castellani:Boudol:ICALP01,
  author =	 "G. Boudol and I. Castellani",
  title =	 "Noninterference for Concurrent Programs",
  booktitle =	 "Proc. ICALP'01",
  series =	 LNCS,
  volume =	 2076,
  month =	 jul,
  year =	 2001,
  pages =	 "382--395",
  publisher =	 SV
}

@article{Castellani:Boudol:TCS02,
  author =	 "G. Boudol and I. Castellani",
  title =	 "Non-interference for concurrent programs and thread
                  systems",
  journal =	 TCS,
  year =	 2002,
  volume =	 281,
  number =	 1,
  pages =	 "109--130",
  month =	 jun
}


@inproceedings{Clark+:ENTCS,
  author =	 "D. Clark and S. Hunt and P. Malacaria",
  booktitle =	 "QAPL'01, Proc. Quantitative Aspects of Programming
                  Languages",
  title =	 "Quantitative analysis of the leakage of confidential
                  data",
  series =	 "ENTCS",
  OPTseries =	 "Electronic Notes in Theoretical Computer Science",
  publisher =	 "Elsevier",
  year =	 2002,
  volume =	 59
}

@article{Clark+:JCL,
  author =	 "D. Clark and C. Hankin and S. Hunt",
  title =	 "Information Flow for {Algol-like} Languages",
  journal =	 "Journal of Computer Languages",
  volume = 28,
  number =1,
  year =	 2002,
  month = apr,
  pages = "3--28"
}

@article{Cohen:InformationA,
  author =	 "E. S. Cohen",
  title =	 "Information Transmission in Computational Systems",
  journal =	 "ACM SIGOPS Operating Systems Review",
  year =	 1977,
  volume =	 11,
  number =	 5,
  pages =	 "133--139"
}

@incollection{Cohen:InformationB,
  author =	 "E. S. Cohen",
  title =	 "Information Transmission in Sequential Programs",
  booktitle =	 "Foundations of Secure Computation",
  publisher =	 "Academic Press",
  year =	 1978,
  editor =	 "R. A. DeMillo and D. P. Dobkin and A. K. Jones and
                  R. J. Lipton",
  pages =	 "297--335"
}

@inproceedings{Cousot:Cousot:Abstract:Interpretation,
  author =	 "P. Cousot and R. Cousot",
  title =	 "Abstract interpretation: {A} unified lattice model
                  for static analysis of programs by construction or
                  approximation of fixpoints",
  pages =	 "238--252",
  booktitle =	 POPL,
  year =	 1977,
  month =	 jan
}

@article{DY83,
  author =	 "D. Dolev and A. Yao",
  title =	 "On the security of public-key protocols",
  journal =	 "IEEE Transactions on Information Theory",
  volume =	 2,
  number =	 29,
  pages =	 "198--208",
  month =	 aug,
  year =	 1983
}



@InProceedings{Dam:Decidability,
  author = 	 {M. Dam},
  title = 	 {Decidability and Proof Systems for Language-Based Noninterference Relations},
  booktitle = 	 POPL,
  year =	 2006
}

@inproceedings{Dam:Giambiagi:CSFW00,
  author =	 "M. Dam and P. Giambiagi",
  title =	 "Confidentiality for Mobile Code: {The} Case of a
                  Simple Payment Protocol",
  booktitle =	 CSFW,
  year =	 2000,
  month =	 jul,
  pages =	 "233--244"
}

@book{Denning:Book,
  author =	 "D. E. Denning",
  title =	 "Cryptography and Data Security",
  publisher =	 AW,
  address =	 "Reading, MA",
  year =	 1982
}

@article{Denning:Denning:Certification,
  author =	 "D. E. Denning and P. J. Denning",
  title =	 "Certification of Programs for Secure Information
                  Flow",
  journal =	 CACM,
  volume =	 20,
  number =	 7,
  pages =	 "504--513",
  month =	 jul,
  year =	 1977
}

@article{Denning:Lattice,
  author =	 "D. E. Denning",
  title =	 "A Lattice Model of Secure Information Flow",
  journal =	 CACM,
  volume =	 19,
  number =	 5,
  pages =	 "236--243",
  month =	 may,
  year =	 1976
}

@inproceedings{DiPierro+:AGP00,
  author =	 "A. {Di Pierro} and C. Hankin and H. Wiklicky",
  title =	 "Probabilistic Confinement in a Declarative
                  Framework",
  booktitle =	 "Declarative Programming---{Selected} papers from AGP
                  2000",
  publisher =	 "Elsevier",
  series =	 "Electronic Notes in Theoretical Computer Science",
  volume =	 48,
  year =	 2001
}

@inproceedings{DiPierro+:CSFW02,
  author =	 "A. {Di Pierro} and C. Hankin and H. Wiklicky",
  title =	 "Approximate Non-Interference",
  booktitle =	 CSFW,
  year =	 2002,
  pages =	 "1--17",
  month =	 jun
}

@inproceedings{DiPierro+:SAS02,
  author =	 "A. {Di Pierro} and C. Hankin and H. Wiklicky",
  title =	 "Analysing Approximate Confinement under Uniform
                  Attacks",
  booktitle =	 SAS,
  year =	 2002,
  series =	 LNCS,
  volume =	 2477,
  publisher =	 SV,
  month =	 sep,
  pages =	 "310--325"
}

@inproceedings{Duggan:CSFW02,
  author =	 "D. Duggan",
  title =	 "Cryptographic Types",
  booktitle =	 CSFW,
  year =	 2002,
  pages =	 "238--252",
  month =	 jun
}

@inproceedings{Erlingsson:Schneider:SASI,
  title =	 "{SASI} enforcement of security policies: A
                  retrospective",
  booktitle =	 "Proc. of the New Security Paradigm Workshop",
  author =	 "U. Erlingsson and F. B. Schneider",
  year =	 1999,
  month =	 sep,
  pages =	 "87--95"
}

@inproceedings{Evans:Twyman:SSP99,
  author =	 "D. Evans and A. Twyman",
  title =	 "Flexible Policy-Directed Code Safety",
  booktitle =	 SSP,
  month =	 may,
  year =	 1999,
  pages =	 "32--45"
}

@techreport{Feiertag:80,
  author =	 "R. J. Feiertag",
  title =	 "A Technique for Proving Specifications are
                  Multilevel Secure",
  institution =	 "SRI International Computer Science Lab",
  month =	 jan,
  year =	 1980,
  number =	 "CSL-109",
  address =	 "Menlo Park, California"
}

@phdthesis{Fenton:73,
  author =	 "J. S. Fenton",
  title =	 "Information Protection Systems",
  school =	 "University of Cambridge",
  address =	 "Cambridge, England",
  year =	 1973
}

@article{Fenton:74,
  author =	 "J. S. Fenton",
  title =	 "Memoryless Subsystems",
  institution =	 "University of Cambridge",
  address =	 "Cambridge, England",
  journal =	 "Computing J.",
  volume =	 17,
  number =	 2,
  pages =	 "143--147",
  month =	 may,
  year =	 1974
}

@inproceedings{Focardi+:CSFW00,
  author =	 "R. Focardi and R. Gorrieri and F. Martinelli",
  title =	 "Information Flow Analysis in a Discrete-Time Process
                  Algebra",
  booktitle =	 CSFW,
  pages =	 "170--184",
  year =	 2000,
  month =	 jul
}

@article{Focardi:Gorrieri:Classification,
  author =	 "R. Focardi and R. Gorrieri",
  title =	 "A Classification of Security Properties for Process
                  Algebras",
  journal =	 JCS,
  year =	 "1995",
  volume =	 3,
  number =	 1,
  pages =	 "5--33"
}

@unpublished{Giambiagi:02,
  author =	 "P. Giambiagi",
  title =	 "Confidentiality for Implementations of Security
                  Protocols",
  month =	 feb,
  year =	 2002,
  note =	 "Unpublished manuscript"
}

@misc{Giambiagi:Lic,
  author =	 "P. Giambiagi",
  title =	 "Secrecy for Mobile Implementations of Security
                  Protocols",
  howpublished = "Licentiate Thesis, Royal Institute of Technology,
                  Stockholm",
  month =	 oct,
  year =	 2001
}

@inproceedings{Goguen:Meseguer:Noninterference,
  author =	 "J. A. Goguen and J. Meseguer",
  title =	 "Security Policies and Security Models",
  booktitle =	 SSP,
  year =	 1982,
  month =	 apr,
  pages =	 "11--20"
}

@inproceedings{Goguen:Meseguer:Unwinding,
  author =	 "J. A. Goguen and J. Meseguer",
  title =	 "Unwinding and Inference Control",
  booktitle =	 SSP,
  year =	 1984,
  month =	 apr,
  pages =	 "75--86"
}

@inproceedings{Gray:Probabilistic,
  author =	 "J.W. {Gray III}",
  title =	 "Probabilistic Interference",
  booktitle =	 SSP,
  year =	 1990,
  month =	 may,
  pages =	 "170--179"
}

@inproceedings{Heintze:Riecke:Slam,
  author =	 "N. Heintze and J. G. Riecke",
  title =	 "The {SLam} calculus: programming with secrecy and
                  integrity",
  booktitle =	 POPL,
  year =	 1998,
  pages =	 "365--377",
  month =	 jan
}

@inproceedings{Hennessy:Riely:ICALP00,
  author =	 "M. Hennessy and J. Riely",
  title =	 "Information Flow vs Resource Access in the
                  Asynchronous Pi-calculus (Extended Abstract)",
  booktitle =	 "Proc. ICALP'00",
  month =	 jul,
  year =	 2000,
  series =	 LNCS,
  volume =	 1853,
  publisher =	 SV,
  pages =	 "415--427"
}

@article{Hennessy:Riely:TOPLAS02,
 author = "M. Hennessy and J. Riely",
 title = "Information flow vs. resource access in the asynchronous pi-calculus",
 journal = TOPLAS,
 volume = 24,
 number = 5,
 year = 2002,
 issn = {0164-0925},
 pages = "566--591",
 doi = {http://doi.acm.org/10.1145/570886.570890},
 publisher = ACM
}


@InProceedings{Hicks+:FCS05,
  author = 	 "M. Hicks and S. Tse and B. Hicks and S. Zdancewic",
  title = 	 "Dynamic Updating of Information-Flow Policies",
  booktitle = 	 FCS,
  pages = "7--18",
  month = jun,
  year =	 2005
}

@InProceedings{Li:Zdancewic:FCS05,
  author = 	 "P. Li and S. Zdancewic",
  title = 	 "Unifying Confidentiality and Integrity in Downgrading Policies",
  booktitle = 	 FCS,
  pages = "45--54",
  month = jun,
  year =	 2005
}

@inproceedings{Honda+:ESOP00,
  author =	 "K. Honda and V. Vasconcelos and N. Yoshida",
  title =	 "Secure Information Flow as Typed Process Behaviour",
  booktitle =	 ESOP,
  pages =	 "180--199",
  year =	 2000,
  volume =	 1782,
  series =	 LNCS,
  publisher =	 SV
}

@inproceedings{Honda:Yoshida:POPL02,
  title =	 "A Uniform Type Structure for Secure Information
                  Flow",
  author =	 "K. Honda and N. Yoshida",
  booktitle =	 POPL,
  month =	 jan,
  year =	 2002,
  pages =	 "81--92"
}

@article{Hydra,
  author =	 "W. A. Wulf and E. Cohen and W. Corwin and A. Jones
                  and R. Levin and C. Pierson and F. Pollack",
  title =	 "H{YDRA}: The Kernel of a Multiprocessor System",
  journal =	 CACM,
  volume =	 17,
  number =	 6,
  year =	 1974,
  month =	 jun,
  pages =	 "337--345"
}

@book{Java:Machine,
  author =	 "T. Lindholm and F. Yellin",
  title =	 "The {Java} Virtual Machine",
  publisher =	 AW,
  address =	 "Reading, MA",
  month =	 may,
  year =	 1996
}

@article{Joshi:Leino:SCP00,
  author =	 "R. Joshi and K. R. M. Leino",
  title =	 "A Semantic Approach to Secure Information Flow",
  journal =	 "Science of Computer Programming",
  year =	 2000,
  volume =	 "37",
  number =	 "1--3",
  pages =	 "113--138",
  publisher =	 "Elsevier"
}

@inproceedings{Kocher:Timing,
  author =	 "P. C. Kocher",
  title =	 "Timing Attacks on Implementations of
                  {D}iffie-{H}ellman, {RSA}, {DSS}, and Other Systems",
  booktitle =	 "Proc. CRYPTO'96",
  volume =	 1109,
  series =	 LNCS,
  year =	 1996,
  publisher =	 SV,
  pages =	 "104--113"
}

@inproceedings{Kozen:Language:Based:Security,
  author =	 "D. Kozen",
  title =	 "Language-Based Security",
  booktitle =	 "Proc. Mathematical Foundations of Computer Science",
  pages =	 "284--298",
  publisher =	 SV,
  series =	 LNCS,
  volume =	 1672,
  month =	 sep,
  year =	 1999
}

@techreport{LaPadula:Bell,
  author =	 "L. J. LaPadula and D. E. Bell",
  title =	 "Secure Computer Systems: A Mathematical Model",
  institution =	 "MITRE Corp.",
  address =	 "Bedford, MA",
  number =	 "MTR-2547, Vol. 2",
  year =	 1973,
  note =	 "Reprinted in {\em J. of Computer Security}, vol. 4,
                  no. 2--3, pp. 239--263, 1996"
}

@inproceedings{Lampson:ACLS,
  author =	 "B. W. Lampson",
  title =	 "Protection",
  booktitle =	 "Proc. Princeton Symp. on Information Sciences
                  and Systems",
  address =	 "Princeton University",
  year =	 1971,
  month =	 mar,
  pages =	 "437--443",
  note =	 "Reprinted in {\em Operating Systems Review}, vol. 8,
                  no. 1, pp. 18--24, Jan. 1974"
}

@article{Lampson:Confinement,
  author =	 "B. W. Lampson",
  title =	 "A Note on the Confinement Problem",
  journal =	 CACM,
  volume =	 16,
  number =	 10,
  month =	 oct,
  year =	 1973,
  pages =	 "613--615"
}

@article{Larsen:Skou:Bisimulation,
  author =	 "K. G. Larsen and A. Skou",
  title =	 "Bisimulation through probabilistic testing",
  journal =	 IC,
  year =	 1991,
  volume =	 94,
  number =	 1,
  pages =	 "1--28",
  month =	 sep
}

@inproceedings{Laud:ESOP01,
  author =	 "P. Laud",
  title =	 "Semantics and Program Analysis of Computationally
                  Secure Information Flow",
  booktitle =	 ESOP,
  pages =	 "77--91",
  year =	 2001,
  series =	 LNCS,
  publisher =	 SV,
  volume =	 2028,
  month =	 apr
}

@inproceedings{Laud:ESOP03,
  author =	 "P. Laud",
  title =	 "Handling Encryption in an Analysis for Secure Information Flow",
  booktitle =	 ESOP,
  pages =	 "159--173",
  year =	 2003,
  series =	 LNCS,
  publisher =	 SV,
  volume =	 2618,
  month =	 apr
}

@inproceedings{Leino:Joshi:MPC98,
  author =	 "K. R. M. Leino and R. Joshi",
  title =	 "A semantic approach to secure information flow",
  booktitle =	 "Proc. Mathematics of Program Construction",
  series =	 LNCS,
  volume =	 1422,
  pages =	 "254--271",
  year =	 1998,
  month =	 jun
}

@inproceedings{Lowe:CSFW02,
  author =	 "G. Lowe",
  title =	 "Quantifying Information Flow",
  booktitle =	 CSFW,
  year =	 2002,
  pages =	 "18--31",
  month =	 jun
}

@inproceedings{Malacaria:Hankin:LICS99,
  author =	 "P. Malacaria and C. Hankin",
  title =	 "Non-Deterministic Games and Program Analysis: {An}
                  Application to Security",
  booktitle =	 LICS,
  pages =	 "443--452",
  year =	 1999
}

@inproceedings{Mantel:CSFW00,
  author =	 "H. Mantel",
  title =	 "Possibilistic Definitions of Security -- {An}
                  Assembly Kit --",
  booktitle =	 CSFW,
  pages =	 "185--199",
  year =	 2000,
  month =	 jul
}

@inproceedings{Mantel:SSP02,
  author =	 "H. Mantel",
  title =	 "On the Composition of Secure Systems",
  booktitle =	 SSP,
  pages =	 "81--94",
  year =	 2002,
  month =	 may
}

@inproceedings{Mantel:Sabelfeld:CSFW01,
  author =	 "H. Mantel and A. Sabelfeld",
  title =	 "A Generic Approach to the Security of Multi-Threaded
                  Programs",
  booktitle =	 CSFW,
  pages =	 "126--142",
  year =	 "2001",
  month =	 jun
}

@article{Mantel:Sabelfeld:JCS,
  author =	 "H. Mantel and A. Sabelfeld",
  title =	 "A Unifying Approach to the Security of Distributed
                  and Multi-Threaded Programs",
  journal =	 JCS,
  year =	 2003,
  volume =	 11,
  number =	 4,
  pages =	 "615--676",
  publisher =    "IOS Press",
  month =        sep
}

@inproceedings{McCullough:Hook-up,
  author =	 "D. McCullough",
  title =	 "Specifications for Multi-level Security and Hook-Up
                  Property",
  booktitle =	 SSP,
  month =	 apr,
  year =	 1987,
  pages =	 "161--166"
}

@inproceedings{McCullough:SSP88,
  author =	 "D. McCullough",
  title =	 "Noninterference and the Composability of Security
                  Properties",
  booktitle =	 SSP,
  pages =	 "177--186",
  year =	 1988,
  month =	 may
}

@inproceedings{McHugh:Gypsy,
  author =	 "J. McHugh and D. I. Good",
  title =	 "An information flow tool for {G}ypsy",
  booktitle =	 SSP,
  month =	 apr,
  year =	 1985,
  pages =	 "46--48"
}

@article{McLean:JCS92,
  author =	 "J. McLean",
  title =	 "Proving Noninterference and Functional Correctness
                  Using Traces",
  journal =	 JCS,
  volume =	 1,
  number =	 1,
  year =	 1992,
  pages =	 "37--58"
}

@inproceedings{McLean:SSP94,
  author =	 "J. McLean",
  title =	 "A General Theory of Composition for Trace Sets
                  Closed Under Selective Interleaving Functions",
  booktitle =	 SSP,
  pages =	 "79--93",
  year =	 1994,
  month =	 may
}

@inproceedings{McLean:Secure:Models:Inflow,
  title =	 "Security Models and Information Flow",
  author =	 "J. McLean",
  pages =	 "180--187",
  month =	 may,
  booktitle =	 SSP,
  year =	 1990
}

@article{McLean:TSE96,
  author =	 "J. McLean",
  title =	 "A General Theory of Composition for a Class of
                  ``possibilistic'' Security Properties",
  journal =	 "IEEE Transactions on Software Engineering",
  year =	 1996 ,
  volume =	 22,
  number =	 1,
  pages =	 "53--67",
  month =	 jan
}

@inproceedings{Mizuno:NCSC89,
  author =	 "M. Mizuno",
  title =	 "A Least Fixed Point Approach to Inter-Procedural
                  Information Flow Control",
  booktitle =	 "Proc. National Computer Security Conference",
  pages =	 "558--570",
  year =	 1989
}

@inproceedings{Mizuno:Oldehoeft:NCSC87,
  author =	 "M. Mizuno and A. Oldehoeft",
  title =	 "Information Flow Control in a Distributed
                  Object-Oriented System With Statically-Bound Object
                  Variables",
  booktitle =	 "Proc. National Computer Security Conference",
  pages =	 "56--67",
  year =	 1987
}

@article{Mizuno:Schmidt:Security,
  author =	 "M. Mizuno and D. Schmidt",
  title =	 "A Security Flow Control Algorithm and Its
                  Denotational Semantics Correctness Proof",
  number =	 "6A",
  journal =	 "Formal Aspects of Computing",
  pages =	 "727--754",
  volume =	 4,
  year =	 1992
}

@article{Morrisett+:TOPLAS,
  author =	 "G. Morrisett and D. Walker and K. Crary and N. Glew",
  title =	 "From {S}ystem {F} to Typed Assembly Language",
  journal =	 TOPLAS,
  year =	 1999,
  volume =	 21,
  number =	 3,
  pages =	 "528--569",
  month =	 may
}

@phdthesis{Morrisett:PhD,
  author =	 "G. Morrisett",
  title =	 "Compiling with Types",
  school =	 "Carnegie Mellon University",
  month =	 dec,
  year =	 1995,
  note =	 "Published as CMU Tech Report CMU-CS-95-226"
}

@inproceedings{Myers:Liskov:SOSP97,
  author =	 "A. C. Myers and B. Liskov",
  title =	 "A Decentralized Model for Information Flow Control",
  booktitle =	 SOSP,
  month =	 oct,
  year =	 1997,
  pages =	 "129--142"
}

@inproceedings{Myers:Liskov:SSP98,
  author =	 "A. C. Myers and B. Liskov",
  title =	 "Complete, Safe Information Flow with Decentralized
                  Labels",
  booktitle =	 SSP,
  month =	 may,
  year =	 1998,
  pages =	 "186--197"
}

@Article{	  ML00,
  author	= "A. C. Myers and B. Liskov",
  title		= "Protecting Privacy using the Decentralized Label Model",
  journal	= "ACM Transactions on Software Engineering and Methodology",
  volume	= 9,
  number	= 4,
  year		= 2000,
  pages		= "410--442"
}

@inproceedings{Myers:POPL99,
  author =	 "A. C. Myers",
  title =	 "{JF}low: Practical Mostly-Static Information Flow
                  Control",
  booktitle =	 POPL,
  year =	 1999,
  month =	 jan,
  pages =	 "228--241"
}

@inproceedings{Necula:POPL97,
  author =	 "G. C. Necula",
  title =	 "Proof-Carrying Code",
  booktitle =	 POPL,
  pages =	 "106--119",
  year =	 1997,
  month =	 jan
}

@inproceedings{Nielson+:CONCUR99,
  author =	 "F. Nielson and H. {Riis Nielson} and R. R. Hansen
                  and J. G. Jensen",
  title =	 "Validating Firewalls in Mobile Ambients",
  booktitle =	 "Proc. CONCUR'99",
  pages =	 "463--477",
  number =	 1664,
  series =	 LNCS,
  publisher =	 SV,
  year =	 1999
}

@book{Nielson+:Program:Analysis,
  author =	 "F. Nielson and H. {Riis Nielson} and C. Hankin",
  title =	 "Principles of Program Analysis",
  publisher =	 SV,
  year =	 1999
}

@inproceedings{Oerbaek:Can,
  author =	 "P. {\O}rb{\ae}k",
  title =	 "Can you trust your data?",
  series =	 LNCS,
  volume =	 915,
  pages =	 "575--590",
  booktitle =	 "Proc. TAPSOFT/FASE'95",
  year =	 1995,
  publisher =	 SV,
  month =	 may
}

@article{Oerbaek:Palsberg:Trust,
  author =	 "P. {\O}rb{\ae}k and J. Palsberg",
  title =	 "Trust in the $\lambda$-calculus",
  journal =	 "J. Functional Programming",
  volume =	 7,
  number =	 6,
  year =	 1997,
  pages =	 "557--591"
}

@phdthesis{Oerbaek:Trust,
  author =	 "P. {\O}rb{\ae}k",
  title =	 "Trust and Dependence Analysis",
  school =	 "{BRICS}",
  year =	 1997,
  address =	 "University of Aarhus, Aarhus, Denmark"
}

@manual{Orange:Book,
  organization = "Department of Defense",
  title =	 "Department of Defense Trusted Computer System
                  Evaluation Criteria",
  key =		 "DOD",
  month =	 dec,
  year =	 1985,
  edition =	 "{DOD 5200.28-STD (The Orange Book)}"
}

@inproceedings{Palsberg:Oerbaek:SAS95,
  author =	 "J. Palsberg and P. {\O}rb{\ae}k",
  title =	 "Trust in the $\lambda$-calculus",
  booktitle =	 SAS,
  pages =	 "314--329",
  month =	 sep,
  year =	 1995,
  series =	 LNCS,
  number =	 983,
  publisher =	 SV
}

@inproceedings{Pottier:CSFW02,
  author =	 "F. Pottier",
  title =	 "A Simple View of Type-Secure Information Flow in the
                  pi-Calculus",
  booktitle =	 CSFW,
  year =	 2002,
  pages =	 "320--330",
  month =	 jun
}

@inproceedings{Pottier:Conchon:ICFP00,
  author =	 "F. Pottier and S. Conchon",
  title =	 "Information Flow Inference for Free",
  booktitle =	 ICFP,
  pages =	 "46--57",
  year =	 2000,
  month =	 sep
}

@inproceedings{Pottier:Simonet:POPL02,
  author =	 "F. Pottier and V. Simonet",
  title =	 "Information Flow Inference for {ML}",
  booktitle =	 POPL,
  month =	 jan,
  year =	 2002,
  pages =	 "319--330"
}

@article{Pottier:Simonet:TOPLAS,
  author =	 "F. Pottier and V. Simonet",
  title =	 "Information Flow Inference for {ML}",
  journal =	 TOPLAS,
  volume = 25,
  number = 1,
  month = jan,
  year = 2003,
  pages = "117--158"
}

@INPROCEEDINGS{Prost:Sem,
  AUTHOR = {F. Prost},
  TITLE = {On the Semantics of  Non-Interference Type-based Analyses},
  BOOKTITLE = {JFLA'001, Journ\'ees Francophones des Langages Applicatifs},
  MONTH = {January},
  YEAR = {2001},
  ABSTRACT = { Type-based analyses are widely used. In this setting, types are
 decorated with annotations. We address the problem of the semantical
 meaning of annotations. We give an extension of Girard's system $F$
 for non-interference analysis. We give a semantics based on partial
 equivalence relations (PERs) for this extension and show that
 annotations have to be understood as \emph{class} of PERs
 (i.e. trivial and diagonal PERs are two different class of PER). We
 also show that the analysis of a program by type-based systems amount
 to abstract over PER classes.}
}

@phdthesis{Reitman:PhD,
  author =	 "R. P. Reitman",
  title =	 "Information flow in parallel programs: {An}
                  axiomatic approach",
  school =	 "Cornell University",
  year =	 1978
}

@inproceedings{Roscoe95,
  author =	 "A. W. Roscoe",
  title =	 "{CSP} and determinism in security modeling",
  booktitle =	 SSP,
  pages =	 "114--127",
  year =	 1995,
  month =	 may
}

@incollection{Ryan:Bertinoro01,
  author =	 "P. Ryan",
  title =	 "Mathematical Models of Computer Security---Tutorial
                  Lectures",
  booktitle =	 "Foundations of Security Analysis and Design",
  pages =	 "1--62",
  publisher =	 SV,
  year =	 2001,
  editor =	 "R. Focardi and R. Gorrieri",
  volume =	 2171,
  series =	 LNCS
}

@inproceedings{Ryan:Schneider:CSFW99,
  author =	 "P. Ryan and S. Schneider",
  title =	 "Process Algebra and Non-Interference",
  booktitle =	 CSFW,
  month =	 jun,
  year =	 1999,
  pages =	 "214--227"
}

@misc{SOAP,
  author =	 "D. Box and D. Ehnebuske and G. Kakivaya and
                  A. Layman and N. Mendelsohn and H. F. Nielsen and
                  S. Thatte and D. Winer",
  title =	 "Simple Object Access Protocol ({SOAP}) 1.1",
  month =	 may,
  year =	 2000,
  howpublished = "http://www.w3.org/TR/SOAP/"
}

@inproceedings{Sabelfeld:Mantel:SAS02,
  author =	 "A. Sabelfeld and H. Mantel",
  title =	 "Static Confidentiality Enforcement for Distributed
                  Programs",
  booktitle =	 SAS,
  year =	 2002,
  series =	 LNCS,
  volume =	 2477,
  publisher =	 SV,
  month =	 sep,
  pages =	 "376--394"
}

@article{Sabelfeld:Myers:JSAC,
  author =	 "A. Sabelfeld and A. C. Myers",
  title =	 "Language-Based Information-Flow Security",
  journal =	 "IEEE J. Selected Areas in Communications",
  year =	 2003,
  month =	 jan,
  volume =	 21,
  number =	 1,
  pages =	 "5--19"
}

@inproceedings{Sabelfeld:PSI01,
  author =	 "A. Sabelfeld",
  title =	 "The Impact of Synchronisation on Secure Information
                  Flow in Concurrent Programs",
  booktitle =	 "Proc. Andrei Ershov International Conference on
                  Perspectives of System Informatics",
  pages =	 "225--239",
  year =	 2001,
  series =	 LNCS,
  volume =	 2244,
  publisher =	 SV,
  month =	 jul
}

@phdthesis{Sabelfeld:PhD,
  author =	 "A. Sabelfeld",
  title =	 "Semantic Models for the Security of Sequential and
                  Concurrent Programs",
  school =	 "Chalmers University of Technology and Gothenburg
                  University",
  address =	 "Gothenburg, Sweden",
  month =	 may,
  year =	 2001
}

@inproceedings{Sabelfeld:Sands:ESOP99,
  author =	 "A. Sabelfeld and D. Sands",
  title =	 "A Per Model of Secure Information Flow in Sequential
                  Programs",
  series =	 LNCS,
  volume =	 1576,
  pages =	 "40--58",
  booktitle =	 ESOP,
  year =	 1999,
  publisher =	 SV,
  month =	 mar
}

@article{Sabelfeld:Sands:HOSC01,
  author =	 "A. Sabelfeld and D. Sands",
  title =	 "A Per Model of Secure Information Flow in Sequential
                  Programs",
  journal =	 HOSC,
  volume =	 14,
  month =	 mar,
  number =	 1,
  year =	 2001,
  pages =	 "59--91",
  publisher =	 "Kluwer"
}

@inproceedings{Sabelfeld:Sands:CSFW00,
  author =	 "A. Sabelfeld and D. Sands",
  title =	 "Probabilistic Noninterference for Multi-threaded
                  Programs",
  booktitle =	 CSFW,
  pages =	 "200--214",
  year =	 2000,
  month =	 jul
}

@article{Saltzer+:End-to-end,
  author =	 "J. H. Saltzer and D. P. Reed and D. D. Clark",
  title =	 "End-to-end Arguments in System Design",
  journal =	 TOCS,
  volume =	 2,
  number =	 4,
  month =	 nov,
  year =	 1984,
  pages =	 "277--288"
}

@article{Saltzer:Schroeder:TCB,
  author =	 "J. H. Saltzer and M. D. Schroeder",
  title =	 "The Protection of Information in Computer Systems",
  journal =	 "Proc. of the IEEE",
  volume =	 63,
  number =	 9,
  month =	 sep,
  year =	 1975,
  pages =	 "1278--1308"
}

@incollection{Sands+:Lambda,
 author = {D. Sands and J. Gustavsson and A. Moran},
 title = {Lambda calculi and linear speedups},
 booktitle = {The essence of computation: complexity, analysis, transformation},
 year = {2002},
 series = LNCS,
 pages = {60--82},
 publisher = SV,
 volume = 2566 
 }

@incollection{Schneider+:Language-based:Security,
  author =	 "F. B. Schneider and G. Morrisett and R. Harper",
  title =	 "A Language-Based Approach to Security",
  booktitle =	 "Informatics---10 Years Back, 10 Years Ahead",
  volume =	 2000,
  series =	 LNCS,
  publisher =	 SV,
  year =	 2000,
  pages =	 "86--101"
}

@inproceedings{Sewell:Vitek:CSFW00,
  author =	 "P. Sewell and J. Vitek",
  title =	 "Secure Composition of Untrusted Code: {Wrappers} and
                  Causality Types",
  booktitle =	 CSFW,
  year =	 2000,
  pages =	 "269--284",
  month =	 jul
}

@book{Shannon:Information:Theory,
  author =	 "C. E. Shannon and W. Weaver",
  title =	 "The Mathematical Theory of Communication",
  publisher =	 "University of Illinois Press",
  year =	 1963
}

@inproceedings{Sheldon:Gifford:LFP90,
  author =	 "M. A. Sheldon and D. K. Gifford",
  title =	 "Static Dependent Types for First Class Modules",
  booktitle =	 "Proc. Lisp and Functional Programming",
  month =	 jun,
  pages =	 "20--29",
  year =	 1990
}

@inproceedings{Simonet:CSFW02,
  author =	 "V. Simonet",
  title =	 "Fine-grained Information Flow Analysis for a
                  {$\lambda$-calculus} with Sum Types",
  booktitle =	 CSFW,
  year =	 2002,
  pages =	 "223--237",
  month =	 jun
}

@inproceedings{Smith:CSFW01,
  author =	 "G. Smith",
  title =	 "A New Type System for Secure Information Flow",
  booktitle =	 CSFW,
  pages =	 "115--125",
  year =	 2001,
  month =	 jun
}

@inproceedings{Smith:Volpano:MultiThreaded,
  author =	 "G. Smith and D. Volpano",
  title =	 "Secure Information Flow in a Multi-threaded
                  Imperative Language",
  pages =	 "355--364",
  booktitle =	 POPL,
  month =	 jan,
  year =	 1998
}

@inproceedings{Sumii:Pierce:CSFW01,
  author =	 "E. Sumii and B. Pierce",
  title =	 "Logical Relations for Encryption",
  booktitle =	 CSFW,
  pages =	 "256--269",
  year =	 2001,
  month =	 jun
}

@inproceedings{Sutherland:NCSC86,
  author =	 "D. Sutherland",
  title =	 "A Model of Information",
  booktitle =	 "Proc. National Computer Security Conference",
  year =	 1986,
  pages =	 "175--183",
  month =	 sep
}

@inproceedings{Syverson:Gray:Epistemic,
  author =	 "P. Syverson and J. W. {Gray III}",
  title =	 "The Epistemic Representation of Information Flow
                  Security in Probabilistic Systems",
  booktitle =	 CSFW,
  pages =	 "152--166",
  month =	 jun,
  year =	 1995
}

@inproceedings{Thiemann:ESOP01,
  author =	 "P. Thiemann",
  title =	 "Enforcing Security Properties by Type
                  Specialization",
  booktitle =	 ESOP,
  series =	 LNCS,
  publisher =	 SV,
  year =	 2001,
  month =	 apr,
  volume =	 2028
}

@inproceedings{Volpano:CSFW00,
  author =	 "D. Volpano",
  title =	 "Secure Introduction of One-way Functions",
  booktitle =	 CSFW,
  pages =	 "246--254",
  year =	 2000,
  month =	 jul
}

@inproceedings{Volpano:SAS99,
  author =	 "D. Volpano",
  title =	 "Safety versus Secrecy",
  year =	 1999,
  pages =	 "303--311",
  booktitle =	 SAS,
  volume =	 1694,
  series =	 LNCS,
  month =	 sep,
  publisher =	 SV
}

@article{Volpano:Smith:Irvine:Sound,
  author =	 "D. Volpano and G. Smith and C. Irvine",
  title =	 "A Sound Type System for Secure Flow Analysis",
  journal =	 JCS,
  volume =	 4,
  number =	 3,
  year =	 1996,
  pages =	 "167--187"
}

@article{Volpano:Smith:MinimumTypings,
  author =	 "D. Volpano and G. Smith",
  title =	 "Eliminating Covert Flows with Minimum Typings",
  journal =	 CSFW,
  month =	 jun,
  pages =	 "156--168",
  year =	 1997
}

@article{Volpano:Smith:Probabilistic,
  author =	 "D. Volpano and G. Smith",
  title =	 "Probabilistic Noninterference in a Concurrent
                  Language",
  journal =	 JCS,
  volume =	 7,
  number =	 "2--3",
  month =	 nov,
  pages =	 "231--253",
  year =	 1999
}

@inproceedings{Volpano:Smith:Probabilistic:CSFW,
  author =	 "D. Volpano and G. Smith",
  title =	 "Probabilistic Noninterference in a Concurrent
                  Language",
  booktitle =	 CSFW,
  month =	 jun,
  pages =	 "34--43",
  year =	 1998
}

@inproceedings{Volpano:Smith:Relative,
  title =	 "Verifying Secrets and Relative Secrecy",
  author =	 "D. Volpano and G. Smith",
  pages =	 "268--276",
  booktitle =	 POPL,
  year =	 2000,
  month =	 jan
}

@inproceedings{Volpano:Smith:TypeBased,
  author =	 "D. Volpano and G. Smith",
  title =	 "A Type-Based Approach to Program Security",
  booktitle =	 "Proc. TAPSOFT'97",
  series =	 LNCS,
  year =	 1997,
  volume =	 1214,
  publisher =	 SV,
  month =	 apr,
  pages =	 "607--621"
}

@phdthesis{Wagner:PhD,
  title =	 "Static analysis and computer security: New
                  techniques for software assurance",
  author =	 "D. Wagner",
  year =	 2000,
  school =	 "University of California at Berkeley"
}

@inproceedings{Wahbe:SOSP93,
  author =	 "R. Wahbe and S. Lucco and T. Anderson and S. Graham",
  title =	 "Efficient Software-Based Fault Isolation",
  year =	 1993,
  booktitle =	 SOSP,
  month =	 dec,
  pages =	 "203--216"
}

@inproceedings{Xi:Pfenning:POPL99,
  author =	 "H. Xi and F. Pfenning",
  title =	 "Dependent Types in Practical Programming",
  month =	 jan,
  year =	 1999,
  booktitle =	 POPL,
  pages =	 "214--227"
}

@inproceedings{Zanotti:SAS02,
  author =	 "M. Zanotti",
  title =	 "Security Typings by Abstract Interpretation",
  booktitle =	 SAS,
  year =	 2002,
  series =	 LNCS,
  volume =	 2477,
  publisher =	 SV,
  month =	 sep,
  pages =	 "360--375"
}

@inproceedings{Zdancewic+:Partitioning,
  month =	 oct,
  year =	 2001,
  author =	 "S. Zdancewic and L. Zheng and N. Nystrom and
                  A. C. Myers",
  title =	 "Untrusted Hosts and Confidentiality: Secure Program
                  Partitioning",
  booktitle =	 SOSP,
  pages =	 "1--14"
}

@inproceedings{Zdancewic:Myers:CSFW01,
  author =	 "S. Zdancewic and A. C. Myers",
  title =	 "Robust Declassification",
  booktitle =	 CSFW,
  month =	 jun,
  year =	 2001,
  pages =	 "15--23"
}

@inproceedings{Zdancewic:Myers:ESOP01,
  author =	 "S. Zdancewic and A. C. Myers",
  title =	 "Secure Information Flow and {CPS}",
  booktitle =	 ESOP,
  year =	 2001,
  month =	 apr,
  volume =	 2028,
  series =	 LNCS,
  publisher =	 SV,
  pages =	 "46--61"
}

@article{Zdancewic:Myers:HOSC,
  author =	 "S. Zdancewic and A. C. Myers",
  title =	 "Secure Information Flow via Linear Continuations",
  journal =	 HOSC,
  volume =	 15,
  number =	 "2--3",
  month =	 sep,
  year =	 2002,
  pages =	 "209--234"
}

@phdthesis{Zdancewic:PhD,
  author =	 "S. Zdancewic",
  title =	 "Programming Languages for Information Security",
  school =	 "Cornell University",
  month =	 jul,
  year =	 2002
}

@inproceedings{Zdancewic:MFPS03,
  author =	 "S. Zdancewic",
  title =	 "A Type System for Robust Declassification",
  booktitle =	 "Proc. Mathematical Foundations of Programming Semantics",
  year =	 2003,
  series =	 "ENTCS",
  OPTseries =	 "Electronic Notes in Theoretical Computer Science",
  publisher =	 "Elsevier",
  month =	 mar,
  OPTvolume =	 0,
  OPTpages =	 ""
}

@techreport{integrity,
  author =	 "K. J. Biba",
  title =	 "Integrity Considerations for Secure Computer
                  Systems",
  number =	 "ESD-TR-76-372",
  institution =	 "USAF Electronic Systems Division",
  address =	 "Bedford, MA",
  month =	 apr,
  year =	 1977,
  note =	 "(Also available through National Technical
                  Information Service, Springfield Va., NTIS
                  AD-A039324.)"
}

@techreport{java-sandbox,
  author =	 "J. S. Fritzinger and M. Mueller",
  title =	 "Java Security",
  year =	 1996,
  institution =	 "Sun Microsystems, Inc.",
  address =	 "Palo Alto, CA"
}

@unpublished{jif,
    author = "A. C. Myers and L. Zheng and S. Zdancewic and
              S. Chong and N. Nystrom",
    title = "{Jif}: {J}ava Information Flow",
    note = "Software release. Located at \url{http://www.cs.cornell.edu/jif}",
    month = jul,
    year = "2001--2009"
}

@unpublished{FlowCaml,
    author = "V. Simonet",
    title = "The {Flow} {Caml} System",
    note = "Software release. Located at \url{http://cristal.inria.fr/~simonet/soft/flowcaml/}",
    month = jul,
    year = 2003
}

@article{stack-inspection,
  title =	 "The Security Architecture Formerly Known as Stack
                  Inspection: A Security Mechanism for Language-based
                  Systems",
  author =	 "D. S. Wallach and A. W. Appel and E. W. Felten",
  journal =	 "ACM Transactions on Software Engineering and
                  Methodology",
  volume =	 9,
  number =	 4,
  month =	 oct,
  year =	 2000,
  pages =	 "341--378"
}

%%%%%%%%%%%%%%%%%%%%%%%%%%%%%%%%%%%%%%%%%%%%%%%%%%%%%%%%%%%%%%%%%%%%%%%%%

@inproceedings{Bossi+:VMCAI03,
  author =	 "A. Bossi and  R. Focardi and C. Piazza and S. Rossi",
  title =	 "Bisimulation and Unwinding for Verifying Possibilistic Security Properties",
  booktitle =	 "Proc. Verification, Model Checking, and Abstract Interpretation",
  year =	 2003,
  month =	 jan,
  volume =	 2575,
  series =	 LNCS,
  publisher =	 SV,
  pages =	 "223--237"
}

@inproceedings{Giambiagi:Dam:ESOP03,
  author =	 "P. Giambiagi and M. Dam",
  title =	 "On the Secure Implementation of Security Protocols",
  booktitle =	 ESOP,
  year =	 2003,
  month =	 apr,
  volume =	 2618,
  series =	 LNCS,
  publisher =	 SV,
  pages =	 "144--158"
}

@inproceedings{Jurjens:CONCUR00,
  author = "J. {J}{\"{u}}{r}jens",
  title = 	 "Secure Information Flow for Concurrent Processes",
  year = 	 2000,
  pages= "395--409",
  month = aug,
  booktitle = 	 "Proc. CONCUR 2000",
  volume = 	 1877,
  series= LNCS,
  publisher= SV
}

@inproceedings{Roscoe:Wulf::CSFW95,
  author =	 "A. William Roscoe and L. Wulf",
  title =	 "Composing and decomposing systems under security properties",
  booktitle =	 CSFW,
  month =	 jun,
  year =	 1995,
  pages =	 "9--15"
}

@TechReport{Schneider:May:Testing,
  author = 	 "S. Schneider",
  title = 	 "May testing, non-interference, and compositionality",
  institution =  "Royal Holloway, University of London",
  year = 	 2001,
  number = 	 "CSD-TR-00-02",
  month = 	 jan
}

@inproceedings{Felten:Schneider:Timing,
    author = "E. W. Felten and M. A. Schneider",
    title = "Timing attacks on Web privacy",
    booktitle = "{ACM} Conference on Computer and Communications Security",
    pages = "25--32",
    year = "2000"
}

@article{Focardi+:JSAC,
  author =	 "R. Focardi and R. Gorrieri and F. Martinelli",
  title =	 "Real-Time Information Flow Analysis",
  journal =	 "IEEE J. Selected Areas in Communications",
  year =	 2003,
  month =	 jan,
  volume =	 21,
  number =	 1,
  pages =	 "20--35"
}

@techreport{Aldini+:JCS,
  author =	 "A. Aldini and M. Bravetti and R. Gorrieri",
  title =	 "A Process Algebraic Approach for the Analysis of Probabilistic Non-interference",
  institution =	 "University of Bologna",
  address =	 "Bologna, Italy",
  number =	 "UBLCS-2002-02",
  year =	 2002
}
  
@InProceedings{Cerans:CAV92,
  author = 	 "K. Cerans",
  title = 	 "Decidability of bisimulation equivalences for parallel timer processes",
  pages = 	 "302--315",
  year = 	 1992,
  month = jun,
  booktitle = 	 "Proc. CAV 1992",
  volume = 	 663,
  series= LNCS,
  publisher = SV
}

@InProceedings{Wang:CONCUR90,
  author = 	 "Y. Wang",
  title = 	 "Real-time behaviour of asynchronous agents",
  pages = 	 "502--520",
  year = 	 1990,
  month = aug,
  booktitle = 	 "Proc. CONCUR 1990",
  volume = 	 458,
  series= LNCS,
  publisher = SV
}

@book{Winskel:Semantics,
  author =	 "G. Winskel",
  title =	 "The Formal Semantics of Programming Languages: {An} Introduction",
  publisher =	 "MIT Press",
  address =	 "Cambridge, MA",
  year =	 1993
}

@inproceedings{Sabelfeld:PSI03,
  author =	 "A. Sabelfeld",
  title =	 "Confidentiality for Multithreaded Programs via Bisimulation",
  booktitle =	 "Proc. Andrei Ershov International Conference on
                  Perspectives of System Informatics",
  pages =	 "260--273",
  year =	 2003,
  series =	 LNCS,
  volume =	 2890,
  publisher =	 SV,
  month =	 jul
}

@Article{Haigh:Young:TSE87,
  author =       "J.~T. Haigh and W.~D. Young",
  OPTauthor =    "J.~Thomas Haigh and William D.~Young",
  title =        "Extending the Noninterference Version of {MLS} for {SAT}",
  journal =      "IEEE Transactions on Software Engineering",
  year =         1987,
  volume =       "SE-13",
  number =       2,
  pages =        "141--150",
  month =        feb
}

@TechReport{Rushby:92,
  author =       "J.~M. Rushby",
  OPTauthor =    "John M.~Rushby",
  title =        "Noninterference, Transitivity, and Channel-Control Security Policies",
  institution =  "SRI International",
  year =         1992,
  number =       "CSL-92-02"
}

@InProceedings{Roscoe:Goldsmith:CSFW99,
  author =       "A.~W. Roscoe and M.~H. Goldsmith",
  title =        "What is intransitive noninterference?",
  booktitle =    CSFW,
  pages =        "228--238",
  year =         1999,
  month =        jun,
  OPTaddress =   "Mordano, Italy",
  OPTmonth =     "June 28--30",
  OPTpublisher = "IEEE Computer Society"
}

@InProceedings{Mantel:FME01,
  author =       "H. Mantel",
  OPTauthor =    "Heiko Mantel",
  title =        "Information Flow Control and Applications---{Bridging} a Gap",
  booktitle =    "Proc. Formal Methods Europe",
  pages =        "153--172",
  year =         2001,
  OPTeditor =    "Jos\'e Nuno Olivera and Pamela Zave",
  series =       LNCS,
  volume =       2021,
  month =        mar,
  OPTaddress =   "Berlin, Germany",
  OPTmonth =     "March 12--16",
  publisher = SV
}

@book{Java,
    author = "J. Gosling and B. Joy and G. Steele",
    title = "The {Java} Language Specification",
    publisher = "Addison-Wesley",
    month = aug,
    year = "1996"
}

@inproceedings{Pinsky:95,
    author = "S. Pinsky",
    title = "Absorbing Covers and Intransitive Non-Inter\-ference",
    booktitle = SSP,
    pages = "102--113",
    year = 1995,
    month = may
}

@Article{McLean:Computer90,
  author = 	 "J. McLean",
  title = 	 "The Specification and Modeling of Computer Security",
  journal = 	 "Computer",
  year = 	 1990,
  volume =	 23,
  pages =        "9--16",
  number =	 1,
  month =	 jan
}

@inproceedings{Mantel:Sands:APLAS04,
  author =	 "H. Mantel and D. Sands",
  booktitle = "Proc. Asian Symp. on Programming Languages and Systems",
  title =	 "Controlled Downgrading based on Intransitive (Non)Interference",
  year =	 2004,
  month =	 nov,
  volume =	 3302,
  series =	 LNCS,
  pages = "129--145",
  publisher =	 SV
}

@inproceedings{Zdancewic:Myers:CSFW03,
    author = "S. Zdancewic and A. C. Myers",
    title = "Observational Determinism for Concurrent Program Security",
    booktitle = CSFW,
    year = 2003,
    month = jun,
    pages = "29--43"
}

@inproceedings{Ferrari:SSP97,
    author = "E. Ferrari and P. Samarati and E. Bertino and
    	      S. Jajodia",
    title = "Providing Flexibility in Information Flow Control for
    	     Object-Oriented Systems",
    booktitle = SSP,
    month = may,
    year = 1997,
    pages = "130--140"
}

@inproceedings{Foley:Gong:Qian:SSP96,
    author = "S. Foley and L. Gong and X. Qian",
    title = "A Security Model of Dynamic Labeling Providing a Tiered Approach to Verification",
    booktitle = "{IEEE} Symposium on Security and Privacy",
    publisher = "IEEE Computer Society Press",
    pages = "142--154",
    year = "1996"
}

@inproceedings{Chothia:Duggan:Vitek:CSFW03,
   author = "T. Chothia and D. Duggan and J. Vitek",
   title = "Type-Based Distributed Access Control",
   booktitle = CSFW,
   year = 2003,
   pages = "170--186"
}

@inproceedings{Zheng+:SOSP03,
	author = "L. Zheng and S. Chong and A. C. Myers and S. Zdancewic",
	title = "Using Replication and Partitioning to Build Secure Distributed
		Systems",
	booktitle = SSP,
	year = 2003,
	month = may,
	pages = "236--250"
}

@inproceedings{Giacobazzi:Mastroeni:POPL04,
  author =	 "R. Giacobazzi and I. Mastroeni",
  title =	 "Abstract Non-Interference: Parameterizing Non-Interference by Abstract Interpretation",
  booktitle =	 POPL,
  month =	 jan,
  year =	 2004,
  pages =	 "186--197"
}

@inproceedings{Sabelfeld:Myers:ISSS03,
  author =	 "A. Sabelfeld and A. C. Myers",
  title =	 "A Model for Delimited Information Release",
  booktitle =	 "Proc. International Symp. on Software Security (ISSS'03)",
  year =	 2004,
  month =	 oct,
  pages =	 "174--191",
  volume =	 3233,
  series =	 LNCS,
  publisher =	 SV
}

@inproceedings{Myers:Sabelfeld:Zdancewic:CSFW04,
  author =	 "A. C. Myers and A. Sabelfeld and S. Zdancewic",
  title =	 "Enforcing Robust Declassification",
  booktitle =	 CSFW,
  year =	 2004,
  month =	 jun,
  pages =	 "172--186"
}

@InProceedings{Heldal:Hultin:ESORICS2003,
  author =     "R. Heldal and F. Hultin",
  title =      "Bridging model-based and language-based security",
  booktitle =   ESORICS,
  pages =      "235--252",
  month = oct,
  year =      2003,
  OPTeditor =      {E. Snekkenes and D. Gollmann},
  volume =     2808,
  series =      LNCS,
  publisher =    SV
} 

@InProceedings{Darvas+:WITS03,
  author =     "A. Darvas and R. H{\"a}hnle and D. Sands",
  title =      "A Theorem Proving Approach to Analysis of Secure Information Flow",
  booktitle =   "Proc. Workshop on Issues in the Theory of Security",
  month = apr,
  year =      2003
} 

@InProceedings{Bossi+:CSFW04,
  author =     "A. Bossi and C. Piazza and S. Rossi",
  title =      "Modelling Downgrading in Information Flow Security",
  booktitle =   CSFW,
  month = jun,
  year =      2004,
  pages =	 "187--201"
}

@Book{davey90introduction,
    author = "B. Davey and H. Priestley",
    title = "Introduction to Lattices and Order",
    publisher =    "Cambridge University Press",
    text = "Davey B. A., and Priestley H. A., Introduction to Lattices and Order, Cambridge
      University Press, (1990).",
    year = "1990"
}

@TechReport{Kobayashi:TR03,
  author = 	 "N. Kobayashi",
  title = 	 "Type-Based Information Flow Analysis for the Pi-Calculus",
  institution =  "Tokyo Institute of Technology",
  year = 	 2003,
  OPTkey = 	 "",
  OPTtype = 	 "",
  number = 	 "TR03-0007",
  OPTaddress = 	 "",
  month = 	 oct,
  OPTnote = 	 "",
  OPTannote = 	 ""
}

@Proceedings{FCS04,
  title = 	 "Proc. Foundations of Computer Security",
  year = 	 2004,
  OPTkey = 	 "",
  OPTbooktitle = "",
  editor = 	 "A. Sabelfeld",
  volume = 	 31,
  OTPnumber = 	 "",
  series = 	 "TUCS General Publications",
  address = 	 "Turku, Finland",
  month = 	 jun,
  OPTorganization = "",
  publisher = "Turku Centre for Computer Science",
  OPTnote = 	 "",
  OPTannote = 	 ""
}

@Article{Honda:Yoshida:JFP05,
  author =   "K. Honda and N. Yoshida",
  title =   "Noninterference through Flow Analysis",
  journal =   "Journal of Functional Programming",
  year    =   2005,
  month = mar,
  pages   = "293--349",
  volume = 15,
  number = 2,
  publisher = "Cambridge University Press"
}

@incollection{Focardi:Gorrieri:FOSAD01,
  author =	 "R. Focardi and R. Gorrieri",
  title =	 "Classification of Security Properties (Part {I}: Information Flow).",
  booktitle =	 "Foundations of Security Analysis and Design",
  pages =	 "331--396",
  publisher =	 SV,
  year =	 2001,
  editor =	 "R. Focardi and R. Gorrieri",
  volume =	 2171,
  series =	 LNCS
}

@InProceedings{Piazza:TACAS04,
  author = 	 "C. Piazza and E. Pivato and S. Rossi",
  title = 	 "{CoPS} - {C}hecker of {P}ersistent {S}ecurity",
  OPTcrossref =  {},
  OPTkey = 	 {},
  booktitle = TACAS,
  pages = 	 "144--152",
  year = 	 2004,
  OPTeditor = 	 {},
  volume = 	 2988,
  OPTnumber = 	 {},
  series = 	 LNCS,
  OPTaddress = 	 {},
  month = 	 mar,
  OPTorganization = {},
  publisher = SV,
  OPTnote = 	 {},
  OPTannote = 	 {}
}

@inproceedings{Chong:Myers:CCS04,
    author = "S. Chong and A. C. Myers",
    title = "Security Policies for Downgrading",
    booktitle = CCS,
    pages = "198--209",
    month = oct,
    year = "2004",
}

@TechReport{Echahed:Prost:Harmless,
  author = 	 "R. Echahed and F. Prost",
  title = 	 "Handling Harmless Interference",
  institution =  "Laboratoire Leibniz, IMAG",
  year = 	 2003,
  OPTkey = 	 "",
  OPTtype = 	 "",
  number = 	 82,
  OPTaddress = 	 "",
  month = 	 jun,
  OPTnote = 	 "",
  OPTannote = 	 ""
}

@inproceedings{Yoshida+:FOSSACS02,
    author = "N. Yoshida and K. Honda and M. Berger",
    title = "Linearity and Bisimulation",
    booktitle = FOSSACS,
    pages = "417--433",
    series = LNCS,
    volume =2303,
    year = 2002,
    month = apr,
    publisher =	 SV
}

@InProceedings{Abadi:ICALP98,
  author = 	 "M. Abadi",
  title = 	 "Protection in Programming-Language Translations",
  OPTcrossref =  "",
  OPTkey = 	 "",
  booktitle = ICALP,
  pages = 	 "868--883",
  year = 	 1998,
  OPTeditor = 	 "",
  volume = 	 1443,
  OPTnumber = 	 "",
  series = 	 LNCS,
  OPTaddress = 	 "",
  month = 	 jul,
  OPTorganization = "",
  publisher = SV,
  OPTnote = 	 "",
  OPTannote = 	 ""
}

@inproceedings{Tse:Zdancewic:ESOP05,
  author =	 "S. Tse and S. Zdancewic",
  title =	 "Designing a Security-typed Language with Certificate-based Declassification",
  booktitle =	 ESOP,
  pages =	 "279--294",
  month = apr,
  year =	 2005,
  series =	 LNCS,
  volume = 	 3444,
  publisher =	 SV
}

@inproceedings{Giacobazzi:Mastroeni:ESOP05,
  author =	 "R. Giacobazzi and I. Mastroeni",
  title =	 "Adjoining Declassification and Attack Models by Abstract Interpretation",
  booktitle =	 ESOP,
  pages =	 "295--310",
  year =	 2005,
  month = apr,
  OPTvolume =	 0,
  series =	 LNCS,
  volume = 	 3444,
  publisher =	 SV
}

@inproceedings{Li:Zdancewic:POPL05,
  author =	 "P. Li and S. Zdancewic",
  title =	 "Downgrading Policies and Relaxed Noninterference",
  booktitle =	 POPL,
  month =	 jan,
  year =	 2005,
  pages =	 "158--170"
}

@InProceedings{Landauer:Redmond:CSFW93,
  author =     "J. Landauer and T. Redmond",
  title =      "A Lattice of Information",
  booktitle =   CSFW,
  month = jun,
  year =      1993,
  pages =	 "65--70"
}

@Article{Plotkin:TCS77,
  author = 	 "G. D. Plotkin",
  title = 	 "{LCF} considered as a programming language",
  journal = 	 TCS,
  year = 	 1977,
  OPTkey = 	 "",
  volume = 	 5,
  number = 	 1,
  pages = 	 "223--255",
  month = 	 dec,
  OPTnote = 	 "",
  OPTannote = 	 ""
}

@InProceedings{Lincoln+:Probabilistic,
  author =       "P. Lincoln and J. C. Mitchell and M. Mitchell and A.
                 Scedrov",
  title =        "A Probabilistic Poly-Time Framework for Protocol
                 Analysis",
  pages =        "112--121",
  OPTISBN =         "1-58113-007-4",
  booktitle =    CCS,
  month =        nov,
  year =         1998
}

@InProceedings{Mitchell:ESOP01,
  author =       "J. C. Mitchell",
  title =        "Probabilistic Polynomial-Time Process Calculus and
                 Security Protocol Analysis",
  booktitle =    ESOP,
  year =         2001,
  month = apr,
  OPTeditor =       "David Sands",
  volume =       2028,
  series =       LNCS,
  publisher =    SV,
  pages =        "23--29"
}



@Article{Mitchell:SCP93,
  author = 	 "J. C. Mitchell",
  title = 	 "On abstraction and the expressive power of programming languages",
  journal = 	 SCP,
  year = 	 1993,
  OPTkey = 	 "",
  volume = 	 212,
  OPTnumber = 	 "",
  pages = 	 "141--163",
  OPTmonth = 	 "",
  OPTnote = 	 "",
  OPTannote = 	 ""
}

@inproceedings{Echahed:Prost:WITS05,
  author = 	 "R. Echahed and F. Prost",
  title = 	 "Handling Declared Information Leakage",
  booktitle =   "Proc. Workshop on Issues in the Theory of Security",
  month = jan,
  year =      2005
} 

@inproceedings{Echahed:Prost:PPDP05,
 author = "R. Echahed and F. Prost",
 title = "Security policy in a declarative style",
 booktitle = "ACM International Conference on Principles and Practice of Declarative Programming",
 pages ="153--163",
 month = jul,
 year = 2005
 }

@PhdThesis{Hunt:PhD,
  author =       "L.~S.~Hunt",
  title =        "Abstract Interpretation of Functional Languages: From
                 Theory to Practice",
  school =       "Department of Computing, Imperial College of Science,
                 Technology and Medicine",
  year =         1991
}

@article{Myers:Sabelfeld:Zdancewic:JCS06,
  author =	 "A. C. Myers and A. Sabelfeld and S. Zdancewic",
  title =	 "Enforcing Robust Declassification and Qualified Robustness",
  year =	 2006,
  journal = jcs,
  month =	 may,
  volume = 14,
  number= 2,
  publisher = "IOS Press",
  pages="157--196"
}

@inproceedings{Clark+:PLID04,
  author = 	 "D. Clark and S. Hunt and P. Malacaria",
  title = 	 "Non-Interference for Weak Observers",
  booktitle =   "Proc. Programming Language Interference and Dependence (PLID)",
  month = aug,
  year =      2004
} 

@inproceedings{Zdancewic:PLID04,
  author = 	 "S. Zdancewic",
  title = 	 "Challenges for information-flow security",
  booktitle =   "Proc. Programming Language Interference and Dependence (PLID)",
  month = aug,
  year =      2004
} 

@Article{Mullins:JUCS00,
  author = 	 "J. Mullins",
  title = 	 "Non-deterministic admissible interference",
  journal = 	 "J. of Universal Computer Science",
  year = 	 2000,
  OPTkey = 	 {},
  volume = 	 6,
  number = 	 11,
  pages = 	 "1054--1070",
  OPTmonth = 	 {},
  OPTnote = 	 {},
  OPTannote = 	 {}
}


@Article{Banerjee:Naumann:JFP05,
  author =	 "A. Banerjee and D. A. Naumann",
  title =   "Stack-based access control and secure information flow",
  journal =   "Journal of Functional Programming",
  year    =   2005,
  month = mar,
  pages   = "131--177",
  volume = 15,
  number = 2,
  publisher = "Cambridge University Press"
}

@Misc{Dam:Giambiagi:Dagstuhl03,
  OPTkey = 	 "",
  author =	 "M. Dam and P. Giambiagi",
  title = 	 "Information Flow Control for Cryptographic Applets",
  OPThowpublished = "",
  month = 	 oct,
  year = 	 2003,
  howpublished = "Presentation at the Dagstuhl Seminar on Language-Based Security",
  note = 	 "{\small\texttt{www.dagstuhl.de/03411/Materials/}}"
}

@inproceedings{Focardi+:FOSSACS05,
  author =	 "R. Focardi and S. Rossi and A. Sabelfeld",
  title =	 "Bridging Language-Based and Process Calculi Security",
  booktitle =	 FOSSACS,
  pages =	 "299--315",
  year =	 2005,
  month =	 apr,
  series =	 LNCS,
  volume =	 3441,
  publisher =	 SV
}

@INPROCEEDINGS{Barthe+:CSFW04,
   Author = "G. Barthe and P. D'Argenio and T. Rezk",
   Title = "Secure Information Flow by Self-Composition",
   Booktitle = CSFW,
   Year = 2004,
   month = jun,
   pages = "100--114"
}

@inproceedings{Terauchi:Aiken:SAS05,
  author =	 "T. Terauchi and A. Aiken",
  title =	 "Secure Information Flow as a Safety Problem",
  booktitle =	 SAS,
  year =	 2005,
  series =	 LNCS,
  volume =	 3672,
  publisher =	 SV,
  month =	 sep,
  pages =	 "352--367"
}

@inproceedings{Mastroeni:APLAS05,
  author =	 "I. Mastroeni",
  booktitle =    "Proc. Asian Symp. on Programming Languages and Systems",
  title =	 "On the role of Abstract Non-Interference in language-based security",
  year =	 2005,
  month =	 nov,
  volume =	 3780,
  series =	 LNCS,
  OPTpages =     "",
  publisher =	 SV
}

@InProceedings{Askarov:Sabelfeld:ESORICS2005,
  author =     "A. Askarov and A. Sabelfeld",
  title =      "Security-typed languages for implementation of cryptographic protocols: {A} case study",
  booktitle =   ESORICS,
  pages =      "197--221",
  month =      sep,
  year =       2005,
  volume =     3679,
  series =     LNCS,
  publisher =  SV
} 

@techreport{Hicks+:TR05,
    Address = "Department of Computer Science, Pennsylvania State  University",
    Author = "B. Hicks and D. King and P. McDaniel",
    Institution = "Network and Security Center",
    Number = "NAS-TR-0004-2005",
    Title = "Declassification with Cryptographic Functions in a Security-Typed Language",
    month = may,
    Year = 2005
} 

@inproceedings{Gordon:Jeffrey:CONCUR05,
  author =	 "A. Gordon and A. Jeffrey",
  title =	 "Secrecy Despite Compromise: Types, Cryptography, and the Pi-Calculus",
  booktitle =	 "Proc. CONCUR'05",
  pages =	 "186--201",
  number =	 "3653",
  series =	 LNCS,
  publisher =	 SV,
  month = aug,
  year =	 2005
}

@inproceedings{Clark+:QAPL04,
  AUTHOR = "D. Clark and S. Hunt and P. Malacaria",
  TITLE = "Quantified Interference for a {While} Language",
  booktitle =	 "QAPL'04, Proc. Quantitative Aspects of Programming
                  Languages",
  VOLUME = 112,
  YEAR = 2005,
  MONTH = jan,
  PAGES = "149--166"
}

@Book{Viega:McGraw:01,
  author = 	 "J. Viega and G. McGraw",
  ALTeditor = 	 "",
  title = 	 "Building Secure Software: How to Avoid Security Problems the Right Way",
  publisher = 	 "Addison-Wesley",
  year = 	 2001,
  OPTkey = 	 "",
  OPTvolume = 	 "",
  OPTnumber = 	 "",
  OPTseries = 	 "",
  OPTaddress = 	 "",
  OPTedition = 	 "",
  OPTmonth = 	 "",
  OPTnote = 	 "",
  OPTannote = 	 ""
}

@inproceedings{Smith:CSFW03,
   author = "G. Smith",
   title = "Probabilistic Noninterference through Weak Probabilistic Bisimulation",
   booktitle = CSFW,
   year = 2003,
   pages = "3--13"
}

@Misc{devsun-uilockup,
  author =	 "Q. H. Mahmoud",
  title =	 "Preventing Screen Lockups of Blocking Operations",
  howpublished = "Sun Technical Articles and Tips \texttt{http://developers.sun.com/techtopics/ mobility/midp/ttips/screenlock/}",
  year =	 2004
}

@Misc{devsun-mobility,
  author =	 "J. Knudsen",
  title =	 "Networking, User Experience, and Threads",
  howpublished = "Sun Technical Articles and Tips \texttt{http://developers.sun.com/techtopics/ mobility/midp/articles/threading/}",
  year =	 2002
}

@InProceedings{Sabelfeld:Sands:CSFW05,
  author = "A. Sabelfeld and D. Sands",
  title = 	 "Dimensions and Principles of Declassification",
  booktitle = 	 CSFW,
  OPTcrossref =  {},
  OPTkey = 	 {},
  pages = 	 "255--269",
  year = 	 2005,
  OPTeditor = 	 {},
  OPTvolume = 	 {},
  OPTnumber = 	 {},
  OPTseries = 	 {},
  OPTaddress = 	 {},
  month = 	 jun,
  OPTorganization = {},
  OPTpublisher = {},
  OPTannote = 	 {}
}

@techreport{BANLogic:1989,
   Institution = "Digital Systems Research Center",
   Author  = "Michael Burrows and Martin Abadi and Roger Needham",
   Number = 39,
   Title = "A logic of authentication",
   month = feb,
   Year = 1989
}

@Article{BAN:1990,
  author = 	 "M. Burrows and M. Abadi and R. Needham",
  title = 	 "A logic of authentication",
  journal = 	 "ACM Transactions on Computer Systems",
  year = 	 1990,
  OPTkey = 	 {},
  volume = 	 8,
  number = 	 1,
  pages = 	 "18--36",
  month = 	 feb,
  OPTnote = 	 {},
  OPTannote = 	 {}
}



@InProceedings{Laud:Vene:FCT05,
  author = 	 "P. Laud and  V. Vene",
  title = 	 "A Type System for Computationally Secure Information Flow",
  OPTcrossref =  {},
  OPTkey = 	 {},
  booktitle = "Proc. Fundamentals of Computation Theory",
  pages = 	 "365--377",
  year = 	 2005,
  OPTeditor = 	 {},
  volume = 	 3623,
  OPTnumber = 	 {},
  series = 	 LNCS,
  OPTaddress = 	 {},
  month = 	 aug,
  OPTorganization = {},
  OPTpublisher = {},
  OPTnote = 	 {},
  OPTannote = 	 {}
}

@article{Abadi:Rogaway:2002,
  AUTHOR = "M. Abadi and P. Rogaway",
  TITLE = "Reconciling Two Views of Cryptography 
                   (The Computational Soundness of Formal Encryption)",
  JOURNAL = "J. of Cryptology",
  VOLUME = 15,
  NUMBER = 2,
  PAGES = "103--127",
  YEAR = 2002
}



@inproceedings{Black+:2002,
  author = 	 "J. Black and P. Rogaway and T. Shrimpton",
  title = 	 "Encryption-Scheme Security in the Presence of Key-Dependent Messages",
  OPTcrossref =  "",
  OPTkey = 	 "",
  booktitle = "Selected Areas in Cryptography",
  pages = 	 "62--75",
  year = 	 2002,
  OPTeditor = 	 "",
  volume = 	 2595,
  OPTnumber = 	 "",
  series = 	 LNCS,
  OPTaddress = 	 "",
  month = 	 aug,
  OPTorganization = "",
  publisher = SV,
  OPTnote = 	 "",
  OPTannote = 	 ""
}


@techreport{Askarov:Hedin:Sabelfeld:CMF:TechReport2006,
   Institution = "Chalmers University of Technology",
   Author  = "A. Askarov and D. Hedin and A. Sabelfeld",
   Title = "Cryptographically-Masked Flows",
   month = Jun,
   Year = 2006,
   note = "Located at \texttt{http://www.cs.chalmers.se/$\sim$aaskarov/sas06full.pdf}"
}

@InProceedings{Askarov:Sabelfeld:SP07,
  author =     "A. Askarov and A. Sabelfeld",
  title =      "Gradual Release: Unifying Declassification, Encryption and Key Release Policies",
  pages = "207--221",
  booktitle =   SSP,
  month =      may,
  year =       2007
} 


@inproceedings{Smith:Alpizar:2006,
       author= "G. Smith and R. Alpizar",
       title = "Secure Information FLow with Random Assignment and Encryption",
       booktitle="Proc. 4th ACM Workshop on Formal Methods in Security Engineering",
       year = 2006,
       pages = "33-43",
       month = Nov}


@INPROCEEDINGS{Askarov+:SAS06,
  AUTHOR = "A. Askarov and D. Hedin and A. Sabelfeld",
  TITLE = "Cryptographically-Masked Flows",
  BOOKTITLE = SAS,
  YEAR = 2006,
  PUBLISHER = SV,
  SERIES = LNCS,
  pages = "353--369",
  MONTH = AUG
}

@InProceedings{Vaughan:Zdancewic:SP07,
  author =     "J. Vaughan and S. Zdancewic",
  title =      "The Cryptographic Decentralized Label Model",
  booktitle =   SSP,
  month =      may,
  year =       2007,
  pages =      "192--206"
} 


@InProceedings{Laud:POPL08, 
  author = "P. Laud",  
  title  = "On the Computational Soundness of Cryptographically Masked Flows",
  booktitle = POPL,
  month  =  Jan,
  year = 2008
}

@InProceedings{Bellare:Rogaway:CCS93,
  author = "M. Bellare and P. Rogaway",
  title = "Random oracles are practical: A paradigm for designing efficient protocols.", 
  booktitle = CCS,
  year = 1993,
  month = nov,
  pages = "62--73"
}

@Unpublished{Clark:Hunt:PLID07,
  author =      "D. Clark and S. Hunt",
  title =      "Observation, Nondeterminism and Nondeducability on Strategies",
  note =      "Workshop presentation at PLID'07, 3rd International Workshop on Programming Language Dependence and Independence",
  OPTkey =      {},
  month =      aug,
  year =      2007,
  OPTannote =      {}
}


@InProceedings{Clark:Hunt:FAST08,
  author = "D. Clark and S. Hunt", 
  title  = "Noninterference for Deterministic Interactive Programs", 
  booktitle = "Workshop on Formal Aspects in Security and Trust (FAST'08)", 
  month = oct,
  year  = 2008
}

@Misc{nist:blockciphers,
  author =	 "National Institute of Standards and Technology",
  title =	 "Special Publication 800-38A. {R}ecommendation for Block
Cipher Modes of Operation", 
  year =	 2001,
  month = dec
}
@inproceedings{Askarov:Sabelfeld:PLAS07,
 author = "A. Askarov and A. Sabelfeld",
 title = "Localized delimited release: Combining the what and where dimensions of information release",
 booktitle = "Proc. ACM Workshop on Programming Languages and Analysis for Security (PLAS)",
 month = jun,
 year = 2007,
 pages = "53--60",
 OPTlocation = {San Diego, California, USA},
 OPTdoi = {http://doi.acm.org/10.1145/1255329.1255339},
 OPTpublisher = {ACM Press},
 OPTaddress = {New York, NY, USA},
}

@INPROCEEDINGS{LeGuernic:CSF07,
  author = "G. {Le Guernic}",
  title = "Automaton-based Confidentiality Monitoring of
                  Concurrent Programs",
 booktitle=CSF,
 year=2007,
 month=jul,
 pages="218--232"
}

@inproceedings{LeGuernic+:ASIAN06,
  author = "G. {Le Guernic} and Anindya Banerjee and Thomas Jensen and David Schmidt",
  booktitle = "Proc. Asian Computing Science Conference (ASIAN'06)",
  title = "Automata-based Confidentiality Monitoring",
  OPTyear =	 2,
  OPTmonth =	 nov,
  volume =	 4435,
  series =	 LNCS,
  OPTpages = "129--145",
  publisher =	 SV, 
  year = 2006
}


@INPROCEEDINGS{Shroff+:CSF07,
  author = "P. Shroff and  S. Smith and M. Thober",
  title = "Dynamic Dependency Monitoring to Secure Information Flow",
 booktitle=CSF,
 year=2007,
 month=jul,
 pages="203--217"
}

@InProceedings{Banerjee+:SP08,
  author = "A. Banerjee and D. Naumann and S. Rosenberg",
  title = 	 "Expressive declassification policies and modular static enforcement",
  year = 	 2008,
  pages = 	 "339--353",
  booktitle = SSP,
  OPTeditor = 	 "",
  OPTvolume = 	 "",
  OPTnumber = 	 "",
  OPTseries = 	 "",
  OPTaddress = 	 "",
  month = 	 may,
  OPTorganization = "",
  OPTpublisher = "",
  OPTannote = 	 ""
}

@InProceedings{Mantel:Reinhard:ESOP07,
  author	= "H. Mantel and A. Reinhard",
  booktitle	= ESOP,
  title		= "Controlling the What and Where of Declassification in
		  Language-Based Security",
  month = 	 mar,
  year		= 2007,
  series =     LNCS,
  PUBLISHER = SV,
  pages     = "141--156",
  volume    = 4421,
}

@article{Sabelfeld:Sands:JCS,
  author = "A. Sabelfeld and D. Sands",
  title = 	 "Declassification: Dimensions and Principles",
  OPTbooktitle = 	 CSFW,
  OPTcrossref =  {},
  OPTkey = 	 {},
  journal =	 JCS,
  publisher =    "IOS Press",
  pages = 	 "517--548",
  year = 	 2009,
  OPTeditor = 	 {},
  volume = 	 17,
  number = 	 5,
  OPTseries = 	 {},
  OPTaddress = 	 {},
  month = 	 jan,
  OPTorganization = {},
  OPTpublisher = {},
  OPTnote = 	 "To appear."
}

@InProceedings{Chong+:SOSP07,
  author = 	 "S. Chong and J. Liu and A. C. Myers and X. Qi and K. Vikram and L. Zheng and X. Zheng",
  title = 	 "Secure Web Applications via Automatic Partitioning",
  OPTcrossref =  "",
  OPTkey = 	 "",
  booktitle = SOSP,
  pages = 	 "31--44",
  year = 	 2007,
  OPTeditor = 	 "",
  OPTvolume = 	 "",
  OPTnumber = 	 "",
  OPTseries = 	 "",
  OPTaddress = 	 "",
  month = 	 oct,
  OPTorganization = "",
  OPTpublisher = "",
  OPTnote = 	 "",
  OPTannote = 	 ""
}

@InProceedings{Chong+:USENIXSEC07,
  author = 	 "S. Chong and K. Vikram and A. C. Myers",
  title = 	 "SIF: Enforcing Confidentiality and Integrity in Web Applications",
  OPTcrossref =  "",
  OPTkey = 	 "",
  booktitle = USENIXSEC,
  pages = 	 "1--16",
  year = 	 2007,
  OPTeditor = 	 "",
  OPTvolume = 	 "",
  OPTnumber = 	 "",
  OPTseries = 	 "",
  OPTaddress = 	 "",
  month = 	 aug,
  OPTorganization = "",
  OPTpublisher = "",
  OPTnote = 	 "",
  OPTannote = 	 ""
}

@Misc{AuctionSniper,
  title = 	 "{Auction Sniper}",
  howpublished = "http://www.auctionsniper.com"
}

@Misc{GoogleMapsAPI,
  title = 	 "{Google Maps API}",
  howpublished = "http://code.google.com/apis/maps"
}

@TechReport{Dima+:Deducible:2006,
  author = 	 "C. Dima and C. Enea and R. Gramatovici",
  title = 	 "Nondeterministic nointerference and deducible information flow",
  institution =  "University of Paris 12, LACL",
  year = 	 2006,
  OPTkey = 	 "",
  OPTtype = 	 "",
  number = 	 "2006-01",
  OPTaddress = 	 "",
  OPTmonth = 	 "",
  OPTnote = 	 "",
  OPTannote = 	 ""
}

@InProceedings{Askarov+:Termination,
  author = 	 "A. Askarov and S. Hunt and A. Sabelfeld and D. Sands",
  title = 	 "Termination-insensitive noninterference leaks more than just a bit",
  pages = 	 "333--348",
  booktitle  = ESORICS,
  month = 	 oct,
  year = 	 2008,
  OPTannote = 	 ""
}

@InProceedings{Barthe+:CSF08,
  author = 	 "G. Barthe and S. Cavadini and T. Rezk",
  title = 	 "Tractable Enforcement of Declassification Policies",
  OPTcrossref =  "",
  OPTkey = 	 "",
  booktitle = CSF,
  OPTpages = 	 "",
  year = 	 2008,
  OPTeditor = 	 "",
  OPTvolume = 	 "",
  OPTnumber = 	 "",
  OPTseries = 	 "",
  OPTaddress = 	 "",
  month = 	 jun,
  OPTorganization = "",
  OPTpublisher = "",
  OPTnote = 	 "To appear.",
  OPTannote = 	 ""
}

@inproceedings{Lam+:PEPM08,
 author = {Monica S. Lam and Michael Martin and Benjamin Livshits and John Whaley},
 title = {Securing web applications with static and dynamic information flow tracking},
 booktitle = {PEPM '08: Proceedings of the 2008 ACM SIGPLAN symposium on Partial evaluation and semantics-based program manipulation},
 year = {2008},
 isbn = {978-1-59593-977-7},
 pages = {3--12},
 location = {San Francisco, California, USA},
 doi = {http://doi.acm.org/10.1145/1328408.1328410},
 publisher = {ACM},
 address = {New York, NY, USA},
 }

@inproceedings{Huang+:WWW2004,
 author = "Y.-W. Huang and F. Yu and C. Hang and C.-H. Tsai and D.-T. Lee and S.-Y. Kuo",
 title = "Securing web application code by static analysis and runtime protection",
 booktitle = WWW,
 month = may,
 year = 2004,
 pages = "40--52",
 }

@InProceedings{Vogt+:NDSS07,
  author = 	 "P. Vogt and F. Nentwich and N. Jovanovic and E. Kirda and C. Kruegel and G. Vigna",
  title = 	 "Cross Site Scripting Prevention with Dynamic Data Tainting and Static Analysis",
  OPTcrossref =  "",
  OPTkey = 	 "",
  booktitle = NDSS,
  OPTpages = 	 "",
  year = 	 2007,
  OPTeditor = 	 "",
  OPTvolume = 	 "",
  OPTnumber = 	 "",
  OPTseries = 	 "",
  OPTaddress = 	 "",
  month = 	 feb,
  OPTorganization = "",
  OPTpublisher = "",
  OPTnote = 	 "",
  OPTannote = 	 ""
}

@InProceedings{Chandra:Franz:ACSAC07,
  author = 	 "D. Chandra and M. Franz",
  title = 	 "Fine-Grained Information Flow Analysis and Enforcement in a Java Virtual Machine",
  OPTcrossref =  "",
  OPTkey = 	 "",
  booktitle = ACSAC,
  pages = 	 "463--475",
  year = 	 2007,
  OPTeditor = 	 "",
  OPTvolume = 	 "",
  OPTnumber = 	 "",
  OPTseries = 	 "",
  OPTaddress = 	 "",
  month = 	 dec,
  OPTorganization = "",
  OPTpublisher = "",
  OPTnote = 	 "",
  OPTannote = 	 ""
}


@inproceedings{Yu+:POPL07,
 author = {D. Yu and A. Chander and N. Islam and I. Serikov},
 title = {JavaScript instrumentation for browser security},
 booktitle = POPL,
 year = {2007},
 isbn = {1-59593-575-4},
 pages = {237--249},
 location = {Nice, France},
 doi = {http://doi.acm.org/10.1145/1190216.1190252},
 publisher = {ACM},
}

@inproceedings{McCamant:Ernst:PLDI08,
 author = {S. McCamant and M. D. Ernst},
 title = {Quantitative information flow as network flow capacity},
 booktitle = PLDI,
 year = 2008,
 isbn = {978-1-59593-860-2},
 pages = {193--205},
 location = {Tucson, AZ, USA},
 doi = {http://doi.acm.org/10.1145/1375581.1375606},
 }

@inproceedings{Smith:Thober:PLAS06,
 author = "S. Smith and M. Thober",
 title = "Refactoring programs to secure information flows",
 booktitle = "Proc. ACM Workshop on Programming Languages and Analysis for Security (PLAS)",
 year = 2006,
 month=jun,
 pages = "75--84"
 }

@inproceedings{Russo+:ASIAN06,
  author =	 "A. Russo and J. Hughes and D. Naumann and A. Sabelfeld",
  booktitle = "Asian Computing Science Conference (ASIAN'06)",
  title =	 "Closing Internal Timing Channels by Transformation",
  year =	 2007,
  OPTmonth =	 nov,
  OPTvolume =	 3302,
  series =	 LNCS,
  OPTpages = "129--145",
  publisher =	 SV
}

@InProceedings{ONeil+:CSFW06,
title="Information-flow security for interactive programs",
author="K. O'Neill and M. Clarkson and S. Chong",
booktitle = CSFW,
year=2006,
month=jul,
pages="190--201"
}

@InProceedings{Venkatakrishnan+:ICICS06,
  author = 	 "V. N. Venkatakrishnan and W. Xu and D. C. DuVarney and R. Sekar",
  title = 	 " Provably Correct Runtime Enforcement of Non-interference Properties",
  OPTcrossref =  "",
  OPTkey = 	 "",
  booktitle = ICICS,
  pages = 	 "332--351",
  year = 	 2006,
  OPTeditor = 	 "",
  OPTvolume = 	 "",
  OPTnumber = 	 "",
  OPTseries = 	 "",
  OPTaddress = 	 "",
  month = 	 dec,
  OPTorganization = "",
  publisher = SV,
  OPTnote = 	 "",
  OPTannote = 	 ""
}


@InProceedings{Hicks+:PLAS06, 
    author = {B. Hicks and D. King and P. McDaniel and M. Hicks},
 title = {Trusted declassification:: high-level policy for a security-typed language},
 booktitle = "Proc. ACM Workshop on Programming Languages and Analysis for Security (PLAS)",
 year = {2006},
 month=jun,
 isbn = {1-59593-374-3},
 pages = {65--74},
 doi = {http://doi.acm.org/10.1145/1134744.1134757},
}

@inproceedings{Fable:SP08,
 author = {N. Swamy and B. J. Corcoran and M. Hicks},
 title = {Fable: A Language for Enforcing User-defined Security Policies},
 booktitle = SSP,
 year = {2008},
 month = may,
 isbn = {9780-7695-3168-7},
 pages = {369--383},
 doi = {http://dx.doi.org/10.1109/SP.2008.29},
 }

@unpublished{Links,
    author = "E. Cooper and S. Lindley and P. Wadler and J. Yallop",
    title = "Links web-programming language",
    note = "Software release. Located at \url{http://groups.inf.ed.ac.uk/links/}",
    year = "2006--2008"
}

@misc{Russo+:DOMIF,
  author =	 "A. Russo and A. Sabelfeld and A. Chudnov",
  title =	 "Dynamic Protection Against DOM-based Attacks in Web Applications",
  month = nov,
  year =	 2008
}

@Article{Johns:JCV08,
  author = 	 "M. Johns",
  title = 	 "{On JavaScript malware and related threats}",
  journal = 	 "Journal in Computer Virology",
  year = 	 2008,
  OPTkey = 	 "",
  volume = 	 4,
  number = 	 3,
  pages = 	 "161--178",
  month = 	 aug,
  OPTnote = 	 "",
  publisher = 	 SV
}

@INPROCEEDINGS{Hedin:Sands:CSFW06,
  title = {Noninterference in the presence of non-opaque pointers},
  author = {D. Hedin and D. Sands},
  booktitle = CSFW,
  year = {2006},
  pages = {255--269}
}

@inproceedings{Barthe:Rezk:TLDI05,
author={G. Barthe and T. Rezk},
title={Non-interference for a {JVM}-like language},
year={2005},
booktitle={Proc. {ACM TLDI}'05},
publisher={ACM Press},
pages={103--112}}

@inproceedings{Barthe+:SP06,
 author = {G. Barthe and T. Rezk and D. Naumann},
 title = {Deriving an Information Flow Checker and Certifying Compiler for Java},
 booktitle = SSP,
 year = {2006},
 pages = {230--242}
 }

@INPROCEEDINGS{Barthe+:ESOP07,
  TITLE = {A Certified Lightweight Non-Interference Java Bytecode
                 Verifier},
  AUTHOR = {G. Barthe and D. Pichardie and T. Rezk},
  BOOKTITLE = ESOP,
  PUBLISHER = SV,
  YEAR = {2007},
  SERIES = LNCS
}

@inproceedings{Hicks+:PLAS07,
 author = "B. Hicks and D. King and P. McDaniel",
 title = "Jifclipse: Development Tools for Security-Typed Languages",
 booktitle = "Proc. ACM Workshop on Programming Languages and Analysis for Security (PLAS)",
 month = jun,
 year = 2007
}

@INPROCEEDINGS{Hicks+:ACSAC06,
  ADDRESS = {Miami, Fl},
  AUTHOR = {B. Hicks and K. Ahmadizadeh and P. McDaniel},
  BOOKTITLE = {22st Annual Computer Security Applications Conference (ACSAC)},
  MONTH = {December},
  TITLE = {Understanding Practical Application Development in Security-typed Languages},
  YEAR = {2006}
}

@inproceedings{Civitas, 
title={Civitas: Toward a Secure Voting System},
author={M. R. Clarkson and S. Chong and A. C. Myers},
booktitle= {IEEE Symposium on Security and Privacy},
month= {May},
year = {2008}
}
@INPROCEEDINGS{King:ICISS08,
  TITLE = {Implicit Flows: Can't live with 'em, can't live without 'em},
  AUTHOR = {D. King and B. Hicks and M. Hicks and T. Jaeger},
  BOOKTITLE = {Proc. International Conference on Information Systems Security (ICISS)},
  MONTH = DEC,
  YEAR = 2008,
  SERIES = LNCS,
  VOLUME = 5352,
  PUBLISHER = SV,
  PAGES = {56--70}
}
@unpublished{JLift,
    author = "D. King",
    title = "{JLift}",
    note = "Software release. Located at \url{http://www.cse.psu.edu/~dhking/jlift}",
    year = 2008
}


@inproceedings{Polyglot,
 author = {N. Nystrom and M. R. Clarkson and A. C. Myers.} ,
title = {Polyglot: An Extensible Compiler Framework for Java},
booktitle = {Proc. 12th International Conference on Compiler Construction, Warsaw, Poland, LNCS 2622},
month={apr},
year={2003},
pages={138–-152}
}
@article{Chapman:Hilton:Enforcing,
  title={{Enforcing security and safety models with an information flow analysis tool}},
  author={Chapman, R. and Hilton, A.},
  journal={ACM SIGAda Ada Letters},
  volume={24},
  number={4},
  pages={39--46},
  year={2004},
  publisher={ACM Press New York, NY, USA}
}

@book{SparkAda,
  title={{High Integrity Software: The SPARK Approach to Safety and Security}},
  author={Barnes, J. and Barnes, JG},
  year={2003},
  publisher={Addison-Wesley Longman Publishing Co., Inc. Boston, MA, USA}
}

@unpublished{sparkExaminer,
    author = {{Praxis High Integrity Systems}},
    title = {SPARKAda Examiner},
    note = "Software release. \url{http://www.praxis-his.com/sparkada/}",
}


@unpublished{Exceptions:TechReport,
  title={Catch Me If You Can: Permissive Yet Secure Error Handling}, 
  author={A. Askarov and A. Sabelfeld}, 
  year=2009,
  note={Technical Report. Available at \url{http://www.cs.cornell.edu/~aslan/exceptions-tr.pdf}}
}

@INPROCEEDINGS{Demange:Sands:ESOP09,
  author = {D. Demange and D. Sands},
  title = {{All Secrets Great and Small}},
  booktitle = ESOP,
  pages = {239--253},
  year = {2009},
  series = {LNCS},
  publisher = SV
}

@inproceedings{Deng:Smith:CSFW04,
  author = {Z. Deng and G. Smith},
  booktitle = CSFW,
  title = {Lenient Array Operations for Practical Secure Information Flow},
  year = 2004,
  month = Jun,
  pages={115--124}
}

@inproceedings{CLU,
  author= {B. Liskov et al.},
  title={{CLU} reference manual},
  booktitle={In Goos and Harmanis, editors},
  series=LNCS,
  volume=114,
  publisher={Springer-Verlag, Berlin},
  year=1981 
}

@inproceedings{Bank+:POPL97,
 author = {J. A. Bank and A. C. Myers and  B. Liskov},
 title = {Parameterized types for {J}ava},
 booktitle = POPL,
 year = {1997},
 pages = {132--145},
 location = {Paris, France},
 publisher = {ACM}
 }

@InProceedings{Barth:USENIXSEC08,
author = "A. Barth and C. Jackson and J. C. Mitchell", 
title = "Securing Frame Communication in Browsers",
booktitle = USENIXSEC,
year = 2008
}
@Misc{Netscape:Tainted,
  Author         = "Netscape",
  Title          = "{Using data tainting for security}",
  HowPublished   = {http://wp.netscape.com/eng/mozilla/3.0/handbook/
                   javascript/advtopic.htm},
  year           = 2006
}
@Misc{ADsafe,
  Author         = {D. Crockford},
  Title          = {Making JavaScript Safe for Advertising},
  HowPublished   = {adsafe.org},
  year           = 2009
}

@InProceedings{Austin:Flanagan:PLAS09,
  author = 	 "T. H. Austin and C. Flanagan",
  title = 	 "Efficient Purely-Dynamic Information Flow Analysis",
  BookTitle      = "Proc. ACM Workshop on Programming Languages and Analysis for Security (PLAS)",
  OPTcrossref =  "",
  OPTkey = 	 "",
  OPTbooktitle = "",
  OPTpages = 	 "",
  year = 	 2009,
  OPTeditor = 	 "",
  OPTvolume = 	 "",
  OPTnumber = 	 "",
  OPTseries = 	 "",
  OPTaddress = 	 "",
  month = 	 jun,
  OPTorganization = "",
  OPTpublisher = "",
  OPTnote = 	 "",
  OPTannote = 	 ""
}
@TechReport{Austin:Flanagan:Tech:Report:09,
  author = 	 "T. H. Austin and C. Flanagan",
  title = 	 "Permissive Dynamic Information Flow Analysis",
  institution =  "University of California, Santa Cruz",
  year = 	 "2009",
  OPTkey = 	 "",
  OPTtype = 	 "",
  number = 	 "UCSC-SOE-09-34",
  OPTaddress = 	 "",
  OPTmonth = 	 "",
  OPTnote = 	 "",
  OPTannote = 	 ""
}
@Misc{Eich:FlowSafe,
  Author         = "B. Eich",
  Title          = "FlowSafe: Information Flow Security for the Browser",
  HowPublished   = "https://wiki.mozilla.org/FlowSafe",
  month          = oct,
  year           = 2009
}
@InProceedings{Askarov:Sabelfeld:CSF09,
  author =     "A. Askarov and A. Sabelfeld",
  title =      "Tight Enforcement of Information-Release Policies for Dynamic Languages",
  OPTpages = "",
  booktitle =   CSF,
  month =      jul,
  year =       2009
} 

@inproceedings{Jim:Swamy:Hicks:WWW07,
  author = {Jim, Trevor and Swamy, Nikhil and Hicks, Michael},
  title = {Defeating script injection attacks with browser-enforced embedded policies},
  booktitle = {WWW '07: Proceedings of the 16th international conference on World Wide Web},
  year = {2007},
  isbn = {978-1-59593-654-7},
  pages = {601--610},
  location = {Banff, Alberta, Canada},
  doi = {http://doi.acm.org/10.1145/1242572.1242654},
  publisher = {ACM},
  address = {New York, NY, USA},
}

@inproceedings{Yip:Narula:Krohn:Morris:EUROSYS09,
  author = {A. Yip and N. Narula and M. Krohn and R. Morris},
  title = {Privacy-preserving browser-side scripting with BFlow},
  booktitle = {EuroSys '09: Proceedings of the 4th ACM European conference on Computer systems},
  year = {2009},
  isbn = {978-1-60558-482-9},
  pages = {233--246},
  location = {Nuremberg, Germany},
  doi = {http://doi.acm.org/10.1145/1519065.1519091},
  publisher = {ACM},
  address = {New York, NY, USA},
}

@inproceedings{Crites:Hsu:Chen:CCS08,
 author = {Crites, Steven and Hsu, Francis and Chen, Hao},
 title = {OMash: enabling secure web mashups via object abstractions},
 booktitle = {CCS '08: Proceedings of the 15th ACM conference on Computer and communications security},
 year = {2008},
 isbn = {978-1-59593-810-7},
 pages = {99--108},
 location = {Alexandria, Virginia, USA},
 doi = {http://doi.acm.org/10.1145/1455770.1455784},
 publisher = {ACM},
 address = {New York, NY, USA},
 }

@article{Wang:Fan:Howell:Jackson:SIGOPS,
 author = {Wang, Helen J. and Fan, Xiaofeng and Howell, Jon and Jackson, Collin},
 title = {Protection and communication abstractions for web browsers in MashupOS},
 journal = {SIGOPS Oper. Syst. Rev.},
 volume = {41},
 number = {6},
 year = {2007},
 issn = {0163-5980},
 pages = {1--16},
 doi = {http://doi.acm.org/10.1145/1323293.1294263},
 publisher = {ACM},
 address = {New York, NY, USA},
}

@inproceedings{Barth:Jackson:Li:W2SP09,
 author = {Barth, Adam and Jackson, Collin and Li, William},
 title = {Attacks on JavaScript Mashup Communication},
 booktitle = {Proc. of Web 2.0 Security and Privacy 2009 (W2SP 2009)},
 year = {2009},
 month = may,
}

@inproceedings{SMash:WWW08,
 author = {De Keukelaere, Frederik and Bhola, Sumeer and Steiner, Michael and Chari, Suresh and Yoshihama, Sachiko},
 title = {SMash: secure component model for cross-domain mashups on unmodified browsers},
 booktitle = {WWW '08: Proceeding of the 17th international conference on World Wide Web},
 year = {2008},
 isbn = {978-1-60558-085-2},
 pages = {535--544},
 location = {Beijing, China},
 doi = {http://doi.acm.org/10.1145/1367497.1367570},
 publisher = {ACM},
 address = {New York, NY, USA},
}

@inproceedings{Jackson:Wang:WWW07,
 author = {Jackson, Collin and Wang, Helen J.},
 title = {Subspace: secure cross-domain communication for web mashups},
 booktitle = {WWW '07: Proceedings of the 16th international conference on World Wide Web},
 year = {2007},
 isbn = {978-1-59593-654-7},
 pages = {611--620},
 location = {Banff, Alberta, Canada},
 doi = {http://doi.acm.org/10.1145/1242572.1242655},
 publisher = {ACM},
 address = {New York, NY, USA},
}

@Misc{Burke:FragmentComm,
  Author         = "J. Burke",
  Title          = "Cross domain frame communication with fragment identifiers",
  HowPublished   = "http://tagneto.blogspot.com/2006/06/
cross-domain-frame-communication-with.html",
  month          = jun,
  year           = 2006
}
@inproceedings{Sabelfeld:Russo:PSI09,
  AUTHOR = "A. Sabelfeld and A. Russo",
  TITLE = "From dynamic to static and back: Riding the roller coaster of information-flow control research",
  BOOKTITLE = "Proc. Andrei Ershov International Conference on Perspectives of System Informatics",
  OPTPAGES = {},
  YEAR = 2009,
  OPTVOLUME = 0,
  PUBLISHER = SV,
  SERIES = LNCS,
  MONTH = JUN
}
@InProceedings{Russo+:ESORICS09,
  author =	 "A. Russo and A. Sabelfeld and A. Chudnov",
  title =	 "Tracking Information Flow in Dynamic Tree Structures",
  month = sep,
  year =	 2009,
  booktitle = ESORICS,
  publisher = SV,
  series = LNCS
}
@InProceedings{Russo:Sabelfeld:CSF09,
  author =     "A. Russo and A. Sabelfeld",
  title =      "Securing Timeout Instructions in Web Applications",
  booktitle =   CSF,
  month =      jul,
  year =       2009
} 
@InProceedings{Lux:Mantel:FAST08,
  author	= "A. Lux and H. Mantel",
  booktitle = "Workshop on Formal Aspects in Security and Trust (FAST'08)", 
  pages		= "35--49",
  publisher	= SV,
  series	= LNCS,
  title		= "Who Can Declassify?",
  volume	= 5491,
  year		= 2009
}
@Misc{iGoogle,
  title = 	 "{iGoogle}",
  howpublished = "http://www.google.com/ig"
}
@Misc{Facebook,
  title = 	 "{Facebook}",
  howpublished = "http://www.facebook.com"
}


@InProceedings{Askarov:Myers:ESOP10, 
author = "A. Askarov and A. Myers",
title = "A Semantic Framework for Declassification and Endorsement", 
booktitle = ESOP,
year = {2010},
series = LNCS,
publisher = SV,
OPTnote = "To appear"
}

@InProceedings{Magazinius+:ASIACCS10,
  author = 	 "J. Magazinius and A. Askarov and A. Sabelfeld",
  title = 	 "A Lattice-based Approach to Mashup Security",
  OPTcrossref =  "",
  OPTkey = 	 "",
  booktitle = "Proc.\@ ACM Symposium on Information, Computer and Communications Security (ASIACCS)",
  OPTpages = 	 "",
  year = 	 2010,
  OPTeditor = 	 "",
  OPTvolume = 	 "",
  OPTnumber = 	 "",
  OPTseries = 	 "",
  OPTaddress = 	 "",
  month = 	 apr,
  OPTorganization = "",
  OPTpublisher = "",
  OPTnote = 	 "",
  OPTannote = 	 ""
}
@InProceedings{Decat+:AppSec10,
  author = 	 "M. Decat and P. {De Ryck} and L. Desmet and F. Piessens and W. Joosen",
  title = 	 " Towards Building Secure Web Mashups ",
  OPTcrossref =  "",
  OPTkey = 	 "",
  booktitle = "Proc.\@ AppSec Research",
  OPTpages = 	 "",
  year = 	 2010,
  OPTeditor = 	 "",
  OPTvolume = 	 "",
  OPTnumber = 	 "",
  OPTseries = 	 "",
  OPTaddress = 	 "",
  month = 	 jun,
  OPTorganization = "",
  OPTpublisher = "",
  OPTnote = 	 "",
  OPTannote = 	 ""
}

@InProceedings{Chong:CSF10,
  author = 	 "S. Chong",
  title = 	 "Required Information Release",
  OPTcrossref =  "",
  OPTkey = 	 "",
  booktitle = CSF,
  OPTpages = 	 "",
  year = 	 2010,
  OPTeditor = 	 "",
  OPTvolume = 	 "",
  OPTnumber = 	 "",
  OPTseries = 	 "",
  OPTaddress = 	 "",
  month = 	 jul,
  OPTorganization = "",
  OPTpublisher = "",
  OPTnote = 	 "",
  OPTannote = 	 ""
}

@inproceedings{Chen:Chong:CSFW04,
  author =	 "H. Chen and S. Chong",
  title =	 "Owned Policies for Information Security",
  booktitle =	 CSFW,
  year =	 2004,
  month =	 jun,
  OPTpages =	 ""
}
@inproceedings{Broberg:Sands:POPL10,
 author = {N. Broberg  and D. Sands},
 title = {Paralocks: role-based information flow control and beyond},
 booktitle =	 POPL,
 year = 2010,
 month = jan
 }

@InProceedings{cm06:csfw06,
  author =       {S. Chong and A. C. Myers},
  title =        {Decentralized Robustness},
  booktitle =    CSFW,
  city =         {Venice, Italy},
  year =         2006,
  month =        jul,
  pages =        {242--253}
}

@inproceedings{labw91,
        author = "B. Lampson and M. Abadi and M. Burrows and
                E. Wobber",
        title = "Authentication in Distributed Systems: Theory and Practice",
        booktitle = SOSP,
        year = 1991,
        month = {October},
        pages = "165--182",
        note = "{\em Operating System Review}, 253(5)"}
@InProceedings{Russo:Sabelfeld:CSF10,
  author =     "A. Russo and A. Sabelfeld",
  title =      "Dynamic vs. Static Flow-Sensitive Security Analysis",
  OPTpages = "",
  booktitle =   CSF,
  month =      jul,
  year =       2010
} 


@inproceedings{histar,
 author = {N. Zeldovich and S. Boyd-Wickizer and E. Kohler and D. Mazi\`{e}res},
 title = {Making information flow explicit in {HiStar}},
 booktitle = OSDI06,
 year = {2006},
 pages = {263--278}
}
@InProceedings{asbestos,
  author = 	 {P. Efstathopoulos and M. Krohn and
                  S. VanDeBogart and  C. Frey and D.  Ziegler and
                  E. Kohler and D. Mazi\`eres and
                  F. Kaashoek and R. Morris},
  title = 	 {Labels and Event Processes in the {A}sbestos Operating System},
  booktitle = 	 SOSP20,
  year =	 2005,
  month =	 oct,
  city = {Brighton, UK}
}

@inproceedings{flume,
    title = "Information Flow Control for Standard {OS} Abstractions",
    author = "M. Krohn and A. Yip and M. Brodsky and N. Cliffer
    and M. F. Kaashoek and E. Kohler and R. Morris",
    year = 2007,
    booktitle = SOSP21
}


@PhdThesis{Cheng:Aeolus,
  author =       "W. Cheng",
  title =        "Information Flow for Secure Distributed Applications",
  school =       "Massachusetts Institute of Technology",
  month =  Sep,
  year =         2009
}
@InProceedings{Magazinius+:SEC10,
  author = "J. Magazinius and A. Russo and A. Sabelfeld",
  title  = "On-the-fly Inlining of Dynamic Security Monitors",
  year = {2010},
  month = sep,
  booktitle = "Proceedings of the IFIP International Information Security Conference (SEC)"
}
@InProceedings{Chudnov:Naumann:CSF10,
  author = 	 "A. Chudnov and D. A. Naumann",
  title = 	 "Information Flow Monitor Inlining",
  OPTcrossref =  "",
  OPTkey = 	 "",
  booktitle = CSF,
  OPTpages = 	 "",
  year = 	 2010,
  OPTeditor = 	 "",
  OPTvolume = 	 "",
  OPTnumber = 	 "",
  OPTseries = 	 "",
  OPTaddress = 	 "",
  month = 	 jul,
  OPTorganization = "",
  OPTpublisher = "",
  OPTnote = 	 "",
  OPTannote = 	 ""
}

@Misc{ANTLR,
  key = "antlr",
  title = 	 "{ANTLR Parser Generator}",
  howpublished = "http://www.antlr.org/"
}

@Misc{OPERA:UserJavaScript,
  key = "opera",
  title = 	 "{Opera, User JavaScript}",
  howpublished = "http://www.opera.com/docs/userjs/"
}

@Misc{Heyes:CSP,
 author = "G. Heyes",
 key = "csp",
 title = {{CSP - Mozilla content security policy}},
 howpublished = "\url{http://www.thespanner.co.uk/2009/06/23/csp-mozilla-content-security-policy/}"
}

@Misc{Google:ContentHosting,
 author = "M. Zalewski",
 title = "Content hosting for the modern web",
 howpublished = "\url{http://googleonlinesecurity.blogspot.se/2012/08/content-hosting-for-modern-web.html}"
}

@phdthesis{myers-phd-tr,
        author="A. C. Myers",
        title="Mostly-Static Decentralized Information Flow Control",
        school="Massachuetts Institute of Techonolgy",
        OPTtype="Technical Report",
        OPTnumber="MIT/LCS/TR-783",
        OPTaddress=cambridge,
        month=jan,
        year=1999,
        OPTnote="Ph.D. thesis"
}

@TechReport{Magazinius+:DDR:TR,
  author = 	 "J. Magazinius and A. Askarov and A. Sabelfeld",
  title = 	 "Decentralized Delimited Release",
  instituition = "Chalmers University of Technology",
  note = "Available at \url{http://www.cse.chalmers.se/~d02pulse/ddr-tr.pdf}",
  year = 	 "2011",
  OPTkey = 	 "",
  OPTtype = 	 "",
  OPTaddress = 	 "",
  OPTmonth = 	 "",
  OPTnote = 	 "",
  OPTannote = 	 ""
}
@inproceedings{Barth+:SP09,
 author = {Barth, A. and Caballero, J. and Song, D.},
 title = {Secure Content Sniffing for Web Browsers, or How to Stop Papers from Reviewing Themselves},
 booktitle = SSP,
 year = 2009,
 month=may,
 OPTisbn = {978-0-7695-3633-0},
 pages = {360--371},
 OPTnumpages = {12},
 OPTurl = {http://dx.doi.org/10.1109/SP.2009.3},
 OPTdoi = {10.1109/SP.2009.3},
 OPTacmid = {1608144},
 OPTpublisher = {IEEE Computer Society},
 OPTaddress = {Washington, DC, USA},
 OPTkeywords = {Web, Security, Cross-Site Scripting, Content-Sniffing, MIME},
} 
@inproceedings{Backes+:SP07,
 author = {Backes, M. and Durmuth, M. and Unruh, D.},
 title = {Information Flow in the Peer-Reviewing Process},
 booktitle = SSP,
 year = 2007,
 month = may,
 pages = {187--191},
 OPTaddress = {Washington, DC, USA},
} 
@misc{Nagra:09,
  author =	 "J. Nagra",
  title =	 {{GIF/Javascript Polyglots}},
  month =	 feb,
  year =	 2009,
  howpublished = "\url{http://www.thinkfu.com/blog/gifjavascript-polyglots}"
}
@inproceedings{Sundareswaran:Squicciarini:CEAS10,
  author=        "S. Sundareswaran and A. Squicciarini",
  title = 	 "Image Repurposing for Gifar-Based Attacks",
  year = 	 2010,
  OPTkey = 	 "",
  booktitle = "Collaboration, Electronic messaging, Anti-Abuse and Spam Conference",
  OPTeditor = 	 "",
  OPTvolume = 	 "",
  OPTnumber = 	 "",
  OPTseries = 	 "",
  OPTaddress = 	 "",
  month = 	 jul,
  OPTorganization = "",
  OPTpublisher = "",
  OPTnote = 	 "",
  OPTannote = 	 ""
}
@Misc{OWASP:Top10:2010,
  author         = "Williams and D. Wichers",
  Title          = "{OWASP Top} 10 2010",
  HowPublished   = {\url{http://www.owasp.org/index.php/Top\_10\_2010}},
  year           = 2010
}
@Misc{XSSED,
  author = "{XSSed Team}",
  Title          = "{XSS Attacks Information}",
  HowPublished   = {\url{http://www.xssed.com}},
  year           = 2012
}
@misc{w3-cors,
	author="{World Wide Web Consortium}",
	title="{Cross-Origin Resource Sharing}",
	organization="World Wide Web Consortium",
	year=2012,
	month=apr,
	howpublished={\url{http://www.w3.org/TR/2012/WD-cors-20120403/}}
}
@Misc{SANS09,
  Author         = "{SANS (SysAdmin, Audit, Network, Security) Institute}",
  Title          = "The Top Cyber Security Risks",
  HowPublished   = "\url{http://www.sans.org}",
  month           = sep,
  year           = 2009
}
